3182 5113
740 545 877 644 198
1349 536 1418 608 L
1468 538 1503 610 I
1556 539 1616 610 B
1668 539 1734 612 E
1782 544 1863 616 R
1953 544 2051 618 IL*⁷
2312 564 2744 642 §.maxum

721 671 1120 757 providentiam
1156 687 1197 728 a
1223 677 1429 744 peccato
1466 668 1618 724 liberi
1641 671 1777 741 sunt
1803 711 1817 739 ,
1861 678 1958 749 qui
1987 683 2085 747 pro
2110 674 2204 731 his
2235 678 2382 738 rebus
2407 727 2422 751 ,
2462 699 2596 757 quas
2635 699 2750 741 con-

733 755 902 816 temni
928 758 1143 822 oportet,
1169 749 1419 802 humana
1462 745 1582 801 cade
1600 748 1791 819 polluti
1805 749 1985 821 sunt?-
2030 752 2312 812 Nimirum
2351 759 2413 814 in
2444 758 2551 818 hac
2577 772 2748 816 mate-

730 834 813 889 ria
838 874 852 898 ,
892 836 955 881 ut
988 826 1043 880 in
1074 823 1188 880 aliis
1226 821 1415 879 multis
1458 866 1472 890 ‚
1541 841 1669 880 cum
1724 837 1984 902 tempore
2024 844 2055 875 x
2089 829 2272 888 laxata
2309 834 2390 891 vest
2428 833 2751 910 disciplina,

735 906 786 962 ἃ,
830 901 1098 978 paulatim
1144 899 1540 973 interpretatio
1603 900 1742 974 legis
1804 906 2165 979 Euangelicae
2223 912 2399 984 coepit
2452 911 2522 968 ad
2572 912 2753 970 sae-culi

732 998 919 1039 mores
952 976 1385 1035 accommodari.
1463 976 1622 1033 'Olim
1676 979 1734 1035 in·
1777 981 1993 1040 clericis
2034 983 2269 1043 retineri*
2314 987 2530 1046 solebat
2573 991 2756 1047 forma

733 1057 944 1115 veteris
980 1054 1211 1111 instituti
1255 1072 1268 1108 ε
1327 1051 1555 1111 tandem
1596 1055 1682 1112 his
1717 1074 1947 1132 quoque
1978 1060 2202 1117 remiis&
2229 1062 2308 1119 est
2346 1065 2464 1123 hoc
2516 1066 2751 1124 nomine

740 1132 991 1193 censura.
2382 1175 2385 1178 Δ
2429 1158 2434 1162 ’

817 1212 973 1267 XIV.
1016 1208 1296 1286 Quaeritur
1328 1225 1356 1262 a
1388 1210 1673 1267 nonnullis
1715 1255 1730 1282 ,
1773 1229 1843 1270 an
1879 1229 1998 1269 non
2055 1214 2150 1272 lex
2182 1214 2373 1273 saltem
2408 1216 2598 1276 civilis.
2630 1262 2643 1287 ‚
2672 1230 2757 1275 ut

735 1287 823 1356 jus
864 1287 1076 1342 habens
1118 1286 1246 1340 Vitae
1288 1302 1352 1340 ac
1385 1286 1539 1342 necis
1566 1331 1583 1354 ,
1629 1288 1666 1343 fi
1701 1307 1816 1360 quo
1861 1289 1983 1347 casu
2021 1294 2316 1363 permittat
2350 1293 2531 1351 furem
2590 1295 2758 1352 inter·

737 1364 833 1420 fici
874 1380 902 1417 a
931 1362 1186 1435 privato,
1234 1360 1390 1416 simul
1431 1364 1609 1441 etiamx
1634 1366 1853 1437 praestet
1894 1413 1907 1437 ‚
1968 1377 2032 1424 ut
2069 1367 2126 1423 icl
2170 1371 2238 1427 ab
2284 1372 2447 1427 omni
2475 1371 2638 1445 culpa
2678 1372 2750 1427 fit

731 1440 989 1495 liberum.
1071 1438 1315 1493 Minime
1349 1453 1487 1493 vero
1540 1438 1597 1494 id
1634 1443 2063 1501 concedendum
2106 1447 2368 1504 arbitror.
2447 1449 2597 1505 Nam
2646 1446 2754 1521 prix

731 1532 883 1573 mum
918 1529 973 1566 95
1013 1513 1107 1569 lex
1146 1515 1230 1582 jus
1284 1514 1437 1570 neeis
1495 1530 1613 1572 non
1661 1519 1836 1576 habet
1883 1523 1938 1577 in
1978 1537 2177 1577 omnes
2227 1523 2380 1581 cives
2435 1541 2507 1581 ex
2550 1523 2755 1597 quovis

654 1608 663 1611 '
732 1591 968 1655 delicto,
1010 1588 1104 1645 sed
1146 1589 1373 1646 demum
1421 1608 1491 1648 ex
1527 1591 1733 1649 delicto
1768 1606 1881 1653 tam
1914 1597 2109 1671 gravi,
2155 1610 2217 1655 ut
2255 1611 2499 1657 mortem
2544 1616 2755 1656 merea·

732 1681 837 1725 tur.
920 1666 1012 1723 Est
1045 1678 1234 1722 autem
1270 1666 1442 1722 valde·
1470 1670 1781 1740 probabilis
1826 1674 1985 1731 Scoti
2023 1669 2333 1742 sententia,
2374 1676 2454 1731 fas
2491 1692 2610 1732 non
2645 1674 2754 1729 effe

737 1749 1074 1816 quemquam
1107 1743 1177 1798 ad
1203 1748 1446 1800 mortem
1481 1745 1776 1813 damnare,
1818 1763 1847 1810 y
1880 1750 1981 1805 nifi
2015 1749 2091 1802 ob
2117 1748 2317 1806 delicta
2341 1795 2357 1819 ,
2383 1758 2523 1822 ssquae
2544 1751 2638 1806 lex
2656 1765 2768 1822 per·

735 1819 961 1878 Mosem
998 1819 1126 1874 data
1155 1831 1339 1875 morte
1379 1820 1601 1892 punivit
1651 1864 1664 1888 ‚
1709 1822 1905 1880 addito
1961 1824 2236 1881 duntaxat
2272 1862 2285 1890 ‚
2346 1836 2442 1880 aut
2498 1840 2628 1899 quae
2667 1825 2755 1880 his

743 1896 869 1951 sunt
926 1896 1076 1968 paria
1112 1898 1259 1951 reeta
1297 1895 1678 1952 aestimatione.
1760 1900 1968 1973 Neque
2001 1899 2148 1954 enim
2182 1899 2410 1957 videtur
2444 1894 2651 1958 notitia
2675 1898 2755 1955 di-

743 1973 888 2028 vinae
931 1971 1271 2039 voluntarie,
1317 1989 1438 2043 quae
1481 1971 1591 2025 sola
1630 1980 1691 2023 96
1729 1976 1972 2040 animum
2002 1974 2325 2047 tranquillat
2369 2016 2388 2044 ‚-
2426 1975 2651 2033 aliunde
2695 1977 2755 2032 in

743 2049 860 2107 hoc
892 2049 1131 2119 negotio
1166 2060 1278 2104 tam
1317 2048 1472 2119 gravi
1504 2045 1702 2104 haberi
1740 2051 1933 2123 poffe,‘
1974 2064 2141 2125 quam
2175 2067 2248 2107 ex
2283 2051 2377 2108 illa
2407 2051 2595 2127 lege,
2628 2069 2753 2128 quae

2597 2140 2753 2184 certe

1036 2263 1082 2308 G
1116 2270 1152 2307 R
1186 2268 1221 2305 ο
1252 2270 1290 2307 T
1327 2275 1347 2307 1
1392 2274 1433 2309 x.
1775 2269 1935 2328 Quare
1964 2265 2099 2313 enim
2132 2277 2233 2312 non
2262 2264 2452 2313 licuerit
2486 2262 2753 2312 Athenien-

1770 2327 1894 2376 sibus
1932 2327 2123 2388 jubere,
2176 2331 2230 2375 ur
2273 2330 2481 2392 capitale
2516 2324 2666 2386 effet,
2716 2326 2754 2373 fi

750 2404 752 2406 ’
809 2403 840 2435 x
875 2388 1068 2440 Laxata
1093 2385 1151 2444 est
1184 2383 1448 2450 disciplina]
1512 2389 1729 2448 Hierony·
1772 2394 1881 2456 quis
1912 2393 2069 2453 legem
2095 2392 2155 2438 de
2188 2390 2472 2439 vindicanda
2514 2391 2755 2439 Salamine

690 2475 695 2478 <
748 2460 842 2500 ‘mas
871 2453 918 2497 in
947 2454 1043 2496 vita
1057 2447 1520 2510 Malchi:Postquam
1554 2454 1727 2512 ecclesia
1774 2451 1989 2506 tulisset?
2044 2453 2215 2514 Justin.
2249 2470 2307 2515 2,
2344 2472 2390 2514 7.
2453 2459 2614 2519 Qare
2645 2468 2748 2499 non

753 2518 877 2569 coepit
903 2513 1056 2561 habere
1098 2509 1367 2570 Chrzstianos
1406 2514 1688 2576 magistratus
1715 2517 1997 2574 „Thuri-is,
2044 2532 2096 2566 ut
2138 2518 2297 2580 capite
2342 2519 2530 2577 lueret,
2577 2516 2611 2563 fi
2644 2516 2756 2579 quis

744 2578 886 2639 safra
926 2577 982 2635 est
1016 2574 1186 2639 quidem
1236 2576 1379 2635 opibus
1416 2578 1564 2634 major
1588 2612 1608 2637 ‚
1646 2577 1731 2638 sed
1752 2590 1881 2625 *curn
1919 2583 2063 2627 armis
2090 2584 2139 2627 in
2178 2582 2471 2628 concionem
2509 2575 2753 2630 venisset?

752 2639 986 2689 virtutibus
1015 2642 1172 2684 minor.
1209 2636 1296 2697 (T.
1326 2655 1365 2684 1.
1400 2653 1508 2702 pag.
1542 2657 1651 2695 255-
1679 2648 1729 2689 B.
1772 2643 1915 2688 Diod.
1943 2645 2085 2691 Sicul.
2121 2658 2205 2704 12,
2225 2658 2296 2690 η,
2335 2649 2496 2708 Qiate
2526 2658 2626 2689 non
2641 2647 2758 2687 Cat-

751 2702 838 2751 ubi
885 2717 1047 2749 tamen
1092 2700 1256 2764 paullo
1308 2702 1446 2749 aliter
1488 2703 1631 2751 verba
1667 2704 1732 2751 le·
1773 2705 2181 2768 rhaginienfibuS,
2214 2719 2278 2753 ne
2304 2709 2414 2770 quis
2445 2705 2617 2751 Graecis
2646 2702 2764 2754 liter

749 2765 975 2831 guntur.)
1012 2765 1130 2811 Vide
1160 2767 1472 2827 c.suscepimus
1490 2801 1505 2826 ,
1556 2766 1616 2814 de
1644 2767 1732 2813 ho-
1772 2770 1837 2815 ris
1863 2781 1944 2816 aut
1972 2768 2184 2817 sermoni
2211 2766 2448 2820 studeret,
2518 2779 2582 2811 uo
2608 2764 2753 2827 loqui

746 2829 952 2877 micidio
981 2829 1260 2875 voluntario
1294 2825 1370 2885 (in
1392 2829 1727 2892 Decretalibus)
1776 2847 1889 2878 cum
1934 2830 2072 2879 hoste
2115 2845 2198 2878 aut
2242 2828 2443 2876 scribere
2495 2840 2575 2874 me
2609 2828 2759 2873 inter·

747 2894 798 2940 &
825 2908 864 2938 c.
901 2890 959 2937 de
983 2890 1089 2948 his,
1129 2897 1202 2941 36.
1238 2889 1444 2938 distinrst.
1478 2908 1554 2945 50.
1778 2906 1915 2957 prete
1949 2889 2140 2959 posset?
2171 2891 2346 2949 Justin.
2381 2906 2472 2947 20,
2507 2904 2549 2943 5.
2616 2894 2758 2953 Qo-

810 2970 837 3015 y
871 2953 976 3010 Nxfi
996 2953 1041 2998 ob
1065 2951 1262 3012 delift'a,
1297 2969 1384 3017 qux
1416 2957 1490 3001 lex
1512 2970 1591 3018 per
1623 2957 1729 3003 Mo·
1773 2958 1930 3003 modo
1990 2967 2159 3001 autem
2215 2950 2434 2999 confistet
2489 2952 2754 3014 imperium

728 3019 827 3080 sem
856 3016 969 3065 data
996 3029 1132 3062 morte
1156 3020 1371 3078 punivit]
1443 3023 1632 3065 Contra
1665 3022 1731 3072 12,
1774 3020 1985 3065 militare
2012 3052 2028 3077 ,
2078 3019 2127 3064 in
2160 3029 2262 3076 quo
2300 3014 2506 3061 minima
2539 3028 2750 3080 quaequo

744 3096 855 3143 ges,
913 3087 1017 3143 qua:
1052 3093 1284 3127 venantes
1324 3080 1522 3127 rusticos
1565 3095 1729 3128 morte
1778 3081 1936 3127 vetita
1964 3080 2124 3141 capite
2156 3072 2393 3124 luuntur?
2429 3089 2481 3122 ut
2504 3075 2538 3122 si
2564 3079 2673 3140 quis
2702 3081 2757 3126 in>

739 3147 986 3208 puniunt,
1013 3142 1122 3189 vide
1150 3142 1414 3205 Gregoriam
1442 3144 1732 3199 Turonenfim
1777 3143 1967 3204 agmine
1998 3141 2219 3187 ordinem
2248 3137 2472 3198 exceffit,
2490 3136 2590 3187 fiin
2616 3139 2751 3187 rusti-

743 3208 871 3255 libro
900 3221 954 3255 x.
982 3220 1024 3251 c.
1045 3220 1114 3251 10,
1149 3203 1406 3260 Johannem
1435 3205 1729 3254 sarisberien-
1776 3207 1817 3250 ci
1847 3206 2045 3265 tugurio
2069 3206 2295 3250 inventus
2321 3201 2420 3263 est,
2457 3199 2493 3248 fi
2520 3202 2753 3264 gallinam

734 3275 833 3332 sem
858 3269 1130 3318 Policratici
1156 3267 1562 3331 Lib.1.Cap.1V.
1602 3267 1731 3329 (pag.
1774 3265 2034 3314 abstulerit.
2095 3270 2159 3313 Et
2213 3275 2455 3329 quantum
2500 3264 2567 3312 est
2610 3268 2661 3313 in
2705 3262 2755 3312 se

752 3345 827 3380 18.
879 3331 974 3380 Ed.
1002 3329 1145 3393 Lugd.
1192 3333 1303 3376 Bat.
1346 3335 1509 3384 1639·)
1550 3330 1733 3377 Petrum
1775 3328 2040 3393 spestaturn
2079 3326 2200 3376 vesci
2231 3329 2295 3376 de
2325 3323 2540 3378 arbore?
2587 3340 2755 3376 tamen

749 3396 994 3457 ‘Blestnstm
1018 3393 1220 3458 epistola
1253 3405 1444 3443 cxxlx.
1778 3392 1982 3456 capitale
2012 3392 2108 3440 fuit
2132 3426 2151 3452 ‚
2212 3392 2326 3455 quia
2365 3396 2501 3439 Deus
2536 3391 2752 3439 dixerat:

1776 3471 1852 3519 quo
1881 3454 1950 3503 die
1978 3474 2032 3503 ex
2059 3473 2103 3502 eo
2132 3457 2347 3517 vesceris,
2379 3468 2511 3502 morte
2543 3457 2757 3502 morieris.

992 3525 1036 3568 G
1071 3531 1108 3567 R
1146 3532 1180 3567 ο
1217 3530 1255 3565 Ν
1288 3531 1323 3567 0
1358 3531 1392 3568 v
1425 3530 1447 3567 1
1480 3529 1519 3567 1.
1776 3519 2182 3582 Distinguendum
2218 3520 2231 3565 i
2270 3518 2364 3565 itur
2401 3551 2418 3578 ,
2471 3532 2533 3565 ne
2568 3518 2647 3564 lex
2695 3515 2754 3564 sit

1776 3585 2018 3644 tyrannica
2043 3611 2058 3635 ‚
2090 3597 2193 3646 quae
2246 3583 2393 3630 ervari
2422 3595 2523 3628 non
2593 3579 2749 3639 otest,

817 3666 871 3705 95
912 3650 1007 3696 Lex
1034 3647 1116 3705 jus
1148 3647 1260 3694 necis
1296 3662 1378 3693 non
1419 3642 1582 3701 habet]
1648 3645 1734 3691 Ait
1782 3648 1829 3693 δε
1857 3661 1946 3711 pro
1976 3647 2157 3711 laqueo
2186 3644 2253 3691 est
2282 3643 2339 3691 ad
2378 3646 2544 3708 capien
2584 3659 2638 3691 os
2678 3644 2753 3691 in·

763 3711 920 3773 legem
948 3714 1018 3770 jus
1044 3712 1177 3758 necis
1208 3725 1308 3757 non
1328 3706 1503 3755 habere
1530 3710 1579 3754 in
1609 3708 1737 3755 cives
1780 3722 2031 3769 nocentes,
2048 3722 2135 3756 nec
2161 3722 2352 3771 gravem
2373 3705 2559 3756 causam
2588 3705 2754 3753 habet.

769 3786 828 3818 ex
859 3779 1029 3835 quovis
1057 3773 1237 3822 delissto
1260 3804 1274 3826 2
1318 3770 1394 3819 sed
1439 3769 1641 3819 demum
1675 3785 1733 3817 ex
1782 3774 1828 3822 Si
1853 3773 1978 3820 ratio
2005 3773 2070 3820 est
2096 3773 2143 3819 ὅ(
2178 3771 2335 3833 potest
2360 3768 2557 3827 servari3
2575 3772 2753 3834 utique

767 3835 941 3883 delffim
968 3854 1068 3884 tam
1101 3837 1263 3900 gravi,
1299 3849 1353 3883 ut
1380 3847 1597 3882 mortem
1630 3847 1733 3881 me·
1778 3837 2092 3900 quantumvis
2132 3833 2597 3898 parvumdeliffmm
2625 3834 2758 3895 capi-

764 3909 936 3947 reatur.
996 3900 1139 3962 Qasi
1166 3915 1266 3946 non
1310 3900 1576 3946 minimum
1620 3897 1736 3945 deli·
1779 3900 1877 3952 tale
1901 3898 2034 3957 facit.

764 3961 928 4015 istum,
971 3959 1005 4006 fi
1035 3964 1096 4006 ob
1138 3962 1292 4010 causas
1336 3960 1608 4011 incidentes
1644 3958 1726 4008 sub
1836 3972 1898 4017 96
1930 3958 2145 4011 Animum
2186 3960 2492 4026 tranquillat]
2562 3963 2752 4005 Omnes

759 4025 1102 4088 capiti5.poe1·.a
1126 4038 1354 4088 vetetur,
1386 4026 1597 4088 capitale
1623 4023 1722 4071 fiat.
1773 4025 2076 4080 conscientiae
2115 4023 2366 4094 scrupulos
2408 4025 2624 4076 eximere
2661 4036 2752 4085 po·

752 4084 859 4161 §ibi
909 4087 1120 4153 imputet
1146 4119 1165 4146 ,
1232 4090 1318 4154 qui
1366 4087 1729 4156 transgreditur.
1770 4088 1877 4145 test.
2568 4153 2613 4199 G
