3182 5113
985 440 1130 535 738
1677 434 1750 511 L
1798 443 1832 514 Ι
1883 441 1942 514 Β
1995 435 2062 513 E
2107 444 2188 517 R
2285 444 2424 520 ΙΙΙ.1
2857 466 3003 543 §.vl

982 576 1285 653 ficationes
1311 577 1434 637 fieri
1465 579 1534 638 ad
1573 581 1712 639 alios
1746 582 2034 657 popuIOS,
2093 594 2214 642 tum
2249 598 2313 644 ut
2355 585 2427 643 de
2458 586 2582 657 jure
2620 587 2823 662 causae,
2878 575 3002 655 tuni

983 655 1154 711 etiam
1186 668 1252 713 ut
1279 655 1350 713 de
1378 657 1474 732 spe
1506 661 1793 734 probabili
1822 662 1958 731 juris
1987 663 2312 737 exequendi
2352 676 2634 738 appareat.
2831 744 2890 802 H
2927 761 2999 806 nc

2738 758 2790 816 5.
2895 762 2924 801 a

975 866 1066 918 bus
1097 871 1153 919 ad
1179 887 1312 922 mare
1331 874 1573 928 Balticum
1593 874 1826 930 &Albim
1851 877 1970 945 fitis,
2012 880 2092 931 dei
2122 881 2343 933 Thurinus
2372 884 2419 932 in
2447 881 2643 933 historia
2672 885 2786 933 anni
2812 889 2904 935 οἷο
2930 892 2993 938 10

980 932 1244 1000 frequente
1277 938 1444 988 senatu
1468 944 1735 1001 judicatum
1768 945 1866 1006 est,
1899 958 1968 993 et·
2009 956 2247 996 Lxxxrx.
2281 946 2490 997 Rursum
2515 947 2576 997 ab
2600 946 2987 1007 Elisabetba,sa-

989 999 1090 1047 iam
1135 1001 1185 1048 in
1238 1000 1453 1052 hostium
1506 1007 1707 1056 navibus
1753 1024 1966 1074 repertas
2011 1009 2507 1075 pientiffimaAngliae
2539 1014 2703 1077 regina
2718 1010 2874 1074 ,miffi
2905 1028 2991 1063 an.

987 1075 1201 1120 merces,
1255 1076 1375 1131 quus
1406 1071 1616 1120 aliorum
1659 1070 1753 1121 effe
1784 1072 1965 1121 consta-
2010 1090 2077 1122 no
2106 1079 2201 1125 clo
2230 1080 2289 1126 10
2315 1088 2486 1125 Lxxv.
2531 1075 2592 1124 ad
2633 1081 2838 1125 Batavos
2866 1079 2984 1126 Wil-

981 1139 1088 1183 ret,
1120 1129 1170 1176 in
1202 1129 1405 1191 praedam
1434 1149 1537 1183 non
1568 1135 1768 1195 cedere3
1816 1137 1969 1203 idque
2009 1137 2203 1186 helmus
2217 1141 2464 1187 Winterus
2493 1152 2555 1188 ex
2583 1139 2755 1188 ordine
2784 1140 2992 1203 equestri

981 1189 1054 1237 ibi
1081 1206 1170 1253 pro
1208 1195 1316 1255 lege
1349 1194 1578 1262 deinceps
1620 1201 1845 1249 habitum
1881 1200 1964 1249 est.
2013 1200 2319 1252 &Robertus
2346 1203 2518 1251 Bealus
2541 1205 2676 1268 regio
2704 1203 2908 1253 consilio
2926 1204 2987 1253 ab

976 1255 1061 1301 Sic
1089 1257 1135 1302 ὅ(
1167 1260 1332 1304 Daniae
1359 1272 1439 1307 rex
1467 1258 1604 1311 sensit
1623 1296 1637 1319 ,
1683 1278 1798 1313 cum
1833 1279 1963 1313 anno
2010 1264 2257 1329 epistolis,
2294 1269 2381 1332 qui
2409 1266 2714 1316 ostenderent
2741 1267 2866 1316 ferre
2888 1274 2989 1317 An-

979 1322 1152 1367 01010‘
1169 1332 1344 1369 xcvn.
1380 1323 1439 1371 ad
1466 1326 1738 1376 Hollandos
1765 1344 1962 1377 eorum·
2008 1332 2117 1393 glos
2157 1345 2262 1378 non
2294 1327 2465 1394 poffe,
2513 1331 2649 1396 quod
2691 1334 2886 1395 Batavi,
2937 1333 2990 1382 in

977 1394 1078 1445 que
1109 1382 1357 1431 federatos
1387 1388 1693 1453 legationem
1721 1394 1963 1455 mitteret,
2006 1390 2112 1457 ipso
2143 1391 2253 1442 aestu
2286 1391 2402 1442 belli
2444 1398 2496 1442 in
2536 1394 2804 1459 Hispanos,
2848 1410 2993 1445 naves

978 1457 1078 1507 qua
1105 1445 1384 1497 libertatem
1408 1454 1664 1519 navigandi
1679 1469 1966 1523 mercesque
2004 1457 2286 1521 Anglorum
2315 1458 2374 1505 ad
2401 1455 2687 1522 Hispanicos
2712 1472 2885 1524 portus
2909 1474 2989 1507 ve-

974 1507 1167 1558 ferendi
1193 1512 1244 1559 in
1271 1512 1581 1580 Hispaniam,
1599 1534 1712 1569 cum
1736 1535 1831 1581 qua
1847 1521 1964 1569 Hol·
2007 1522 2106 1569 &as
2135 1519 2473 1569 detentaffent.
2536 1525 2710 1570 Narrat
2747 1523 2985 1573 Reidanus

977 1571 1111 1621 landi
1150 1574 1336 1623 bellum
1365 1580 1597 1641 gerebant
1639 1585 1985 1644 acerrimum„
2008 1586 2059 1631 in
2087 1583 2281 1632 historia
2312 1584 2532 1634 Batavica
2565 1582 2711 1648 (pag.
2751 1601 2821 1645 17.
2860 1587 2987 1642 Verfi

977 1632 1074 1684 suis
1104 1638 1391 1690 vindicabat.
1445 1646 1591 1709 Apud
1621 1646 1793 1693 Gallos
1823 1645 1967 1694 liber·
2008 1650 2164 1694 Latin.
2193 1647 2421 1707 D.Voff)
2460 1660 2592 1693 anno
2626 1653 2719 1697 010
2737 1652 2794 1699 10
2811 1659 2982 1699 Lxxv‘.

978 1709 1053 1746 tas
1109 1715 1436 1754 mercaturam
1488 1708 1745 1757 exercendi
1783 1709 1964 1773 pacatis
2008 1710 2055 1755 δε
2082 1709 2335 1757 Britannus
2353 1707 2602 1756 Camdenus
2630 1725 2756 1757 anno
2784 1710 2982 1771 sequen-

978 1764 1382 1825 populis,etiarn
1412 1768 1542 1832 apud
1577 1785 1663 1818 eos
1685 1772 1770 1835 qui
1797 1772 1961 1818 Galliae
2008 1783 2074 1819 te.
2111 1771 2264 1834 (pag.
2299 1785 2406 1829 273.
2443 1770 2535 1818 Ed.
2570 1772 2806 1825 Elzevir.)
2850 1777 2981 1823 Cum

976 1824 1139 1873 hostes
1173 1826 1358 1890 effent,
1404 1832 1594 1896 semper
1628 1831 1875 1895 permissu.
1915 1835 1963 1879 &
2008 1847 2125 1879 vero
2159 1834 2336 1897 Angli,
2381 1834 2429 1878 &
2457 1832 2543 1893 ipfi
2577 1835 2797 1897 Hispanis
2826 1835 2985 1885 hostes

978 1889 1185 1948 quidem
1213 1892 1335 1939 adeo
1374 1894 1661 1954 indiscrete,
1709 1909 1763 1943 ut
1803 1895 1963 1943 hostes
2007 1895 2121 1944 faeci
2148 1931 2165 1957 ,
2213 1894 2480 1943 Germaniae
2520 1896 2797 1945 civitatibus
2834 1902 2906 1957 jus
2936 1903 2986 1951 in

980 1951 1101 2014 saepe
1128 1951 1213 1998 sub
1243 1955 1412 2001 alienis
1437 1958 1733 2005 nominibus
1749 1972 1825 2004 res
1856 1956 1959 2004 suas
2009 1960 2287 2020 Hispaniam
2346 1958 2603 2020 navigandi
2674 1961 2920 2010 turbarent
2963 1993 2982 2024 9

978 2015 1322 2071 occultarent5
1369 2030 1425 2065 ut
1457 2033 1656 2083 apparet
1699 2034 1756 2066 ex
1798 2019 1958 2068 edicto
2009 2035 2158 2084 quam
2195 2020 2243 2068 id
2288 2034 2387 2067 non
2432 2034 2566 2068 certo
2610 2023 2711 2080 jure
2747 2023 2977 2085 fecerint,

977 2092 1109 2125 anno
1155 2083 1249 2127 clo
1291 2085 1347 2128 10
1392 2094 1558 2131 xmu.
1621 2084 1784 2146 capite
1821 2096 1957 2132 XLII.
1980 2117 1983 2150 Ι
2007 2095 2205 2147 apparet
2235 2095 2293 2131 ex
2319 2080 2505 2147 scriptis
2532 2083 2805 2135 adversariis
2832 2092 2983 2151 gentis

978 2141 1118 2205 quod
1146 2143 1374 2189 tralatum
1416 2144 1483 2192 est
1510 2146 1562 2194 in
1593 2146 1810 2194 edictum
1848 2147 1959 2194 anni
1979 2176 1984 2213 l
2007 2149 2298 2211 utriusque,
2333 2145 2492 2209 dignis
2522 2148 2650 2196 lestu
2681 2149 2737 2196 ad
2783 2151 2979 2200 noscen-

980 2211 1077 2254 (πο
1111 2211 1166 2254 10
1197 2217 1437 2268 Lxxx1v‚
1477 2209 1526 2256 &
1562 2206 1830 2275 sequentia.
1897 2211 1961 2257 lis
2006 2210 2118 2259 dam
2163 2211 2282 2257 hanc
2326 2210 2720 2260 controverfiam.
2790 2220 2850 2262 Et
2897 2231 2980 2263 no-

981 2268 1151 2315 edictis
1177 2269 1349 2315 diserte
1374 2284 1569 2320 cavetur
1588 2304 1602 2327 ,
1636 2285 1689 2321 ut
1706 2272 1960 2321 Gallorum
2004 2273 2228 2334 tandum,
2247 2273 2433 2336 Anglos
2460 2275 2507 2321 in
2535 2271 2631 2323 suis
2657 2273 2839 2340 scriptis
2858 2277 2980 2343 ipsos

978 2333 1150 2378 amicis
1170 2332 1309 2380 liceat
1340 2330 1455 2382 belli
1485 2348 1715 2400 tempore
1742 2349 1963 2384 exercere
2009 2339 2059 2386 id
2086 2336 2499 2401 agnoscere,cum
2526 2339 2628 2387 duo
2656 2342 2870 2389 maxime
2897 2357 2978 2407 pro

973 2407 1328 2456 mercaturam,
1379 2397 1660 2447 dummodo
1695 2397 1791 2448 suis
1832 2401 1961 2448 navi·
2008 2400 2090 2451 sua
2116 2400 2323 2450 afferunt
2352 2399 2518 2462 causa,
2574 2402 2623 2449 ὃ(
2655 2402 2771 2451 belli
2815 2406 2977 2454 instru-

979 2456 1099 2519 bus,
1134 2457 1347 2525 suosque
1387 2477 1476 2525 per
1503 2463 1769 2523 homines,
1797 2478 1965 2512 naves·
2010 2478 2179 2514 menta
2223 2462 2366 2513 fuisse
2408 2479 2516 2529 quae
2574 2479 2600 2512 a
2649 2471 2901 2517 Germanis
2931 2470 2977 2516 in

981 2535 1083 2583 que
1111 2537 1164 2568 ac
1191 2537 1403 2586 merces,
1450 2541 1775 2591 quocumque
1807 2523 1960 2575 visum
2008 2526 2290 2594 Hispaniam
2317 2525 2684 2585 deferebantur,
2717 2531 2765 2578 &
2802 2533 2975 2596 paetin-

981 2584 1095 2647 ipfis
1121 2583 1237 2633 effer
1265 2587 1564 2651 perducere,
1598 2592 1718 2638 dum
1750 2603 1811 2638 ne
1842 2604 1966 2638 mer·
2008 2608 2095 2642 nes
2132 2604 2315 2640 veteres
2347 2592 2641 2639 intercedere
2680 2608 2784 2657 quo
2825 2595 2975 2643 minus

983 2662 1062 2694 ces
1082 2661 1143 2693 eae
1172 2648 1263 2695 fint
1290 2649 1402 2698 belli
1428 2652 1766 2716 instrumenta,
1786 2652 1966 2718 quibus
2009 2658 2061 2704 id
2099 2655 2208 2704 fieri
2244 2656 2411 2702 liceret
2443 2670 2454 2702 :
2497 2656 2672 2722 quales,
2697 2654 2862 2713 postea
2903 2671 2985 2718 pa·

980 2725 1060 2757 res
1093 2712 1306 2760 hostium
1334 2712 1505 2762 fovere
1534 2719 1686 2766 velint
1712 2734 1723 2765 :
1759 2718 1896 2782 quod
1929 2716 1964 2764 fi
1992 2722 2200 2768 stiones
2226 2719 2274 2765 &
2299 2718 2530 2765 Hollandi
2559 2714 2773 2780 Γοςξιςαθ
2802 2726 2981 2762 eorum

981 2772 1099 2835 fiat,
1154 2778 1456 2838 permittitur
1496 2781 1649 2830 Gallis
1691 2781 1808 2829 talia
1849 2781 1965 2828 belli
2010 2799 2124 2831 cum
2149 2778 2505 2832 Lubecenfibus
2537 2772 2780 2835 sociisque
2808 2787 2981 2823 eorum

991 2836 1305 2886 instrumenta
1332 2839 1419 2888 fibi
1447 2839 1669 2906 sumere,
1713 2842 1966 2905 persoluto
2012 2847 2170 2895 fecere
2208 2856 2337 2909 anno
2383 2843 2474 2905 clo
2505 2839 2599 2882 100
2627 2845 2761 2905 ΧΨ,
2805 2849 2874 2910 ¹¹³·
2901 2853 2984 2887 aut

988 2915 1130 2963 aequo
1157 2905 1336 2967 pretio.
1371 2905 1464 2951 Hic
1498 2906 1597 2954 duo
1628 2907 1969 2970 notanda,his
2016 2912 2065 2958 hi
2106 2920 2190 2955 aut
2230 2905 2304 2948 illx
2344 2896 2559 2969 hostlum
2601 2893 2816 2967 subditos
2859 2915 2981 2950 intra

984 2963 1179 3026 legibus
1231 2980 1322 3013 nec
1377 2968 1495 3017 belli
1542 2969 1857 3019 instrumenta
1922 2973 1972 3019 in
2017 2971 2128 3019 suos
2163 2963 2282 3010 fines
2308 2974 2508 3031 mercari
2535 2971 2984 3036 permitteren-ssaut

987 3027 1195 3091 praedarn
1224 3028 1427 3083 ceffiffe,
1448 3034 1611 3080 multo
1639 3036 1795 3098 magis
1827 3035 1887 3082 ab
1912 3048 1974 3080 eo
2016 3028 2184 3097 hostes·
2224 3037 2423 3087 pecuma
2456 3055 2470 3075 ‚
2518 3021 2720 3094 milne,-
2752 3027 2947 3076 navibus
2968 3063 2985 3086 ,

988 3093 1213 3154 periculo
1253 3093 1456 3142 abfuisse
1494 3111 1681 3145 merces
1733 3097 1975 3143 innoxias,
2017 3091 2411 3149 vistujuvarent:
2461 3084 2508 3129 δε
2547 3082 2811 3156 post<}nUS‚
2860 3106 2981 3139 anno

991 3158 1111 3200 Non
1136 3170 1311 3220 negem
1342 3159 1472 3206 aliud
1511 3160 1584 3218 jus
1627 3153 1865 3215 usurpasse
1900 3155 1973 3199 in·
2014 3151 2194 3201 scilicet
2223 3154 2314 3197 clo
2337 3152 2434 3194 Ioc
2457 3155 2631 3195 xxvn.
2663 3161 2790 3198 mter
2805 3156 2980 3204 Suediae

990 3216 1185 3266 terdum
1229 3218 1576 3279 septentrionis
1617 3229 1788 3278 gentes
1816 3251 1832 3275 ‚
1895 3213 1971 3262 sed
2014 3215 2275 3282 Daniaeque
2298 3223 2435 3271 reges
2476 3214 2708 3261 convenit
2739 3227 2790 3261 ut
2816 3221 2974 3267 Danus

988 3282 1118 3325 varie
1145 3313 1162 3338 ,
1223 3292 1283 3325 ex
1337 3278 1423 3325 usu
1477 3280 1630 3340 magis
1684 3292 1966 3342 temporum
2009 3274 2269 3336 impediret
2311 3288 2517 3320 omnem
2552 3289 2821 3325 mercatum
2867 3297 2972 3331 curn

986 3354 1140 3404 quam
1170 3354 1229 3387 ex
1258 3355 1291 3386 π
1335 3344 1489 3388 uitare
1516 3354 1766 3405 perpetua.
1837 3343 1964 3385 Nam
2008 3336 2310 3387 Dantiscanis
2333 3336 2477 3384 Suedi
2510 3335 2755 3395 hostibus,
2789 3340 2867 3391 sed
2897 3360 2972 3392 nec

984 3418 1101 3449 cum
1131 3404 1278 3465 Angli
1343 3405 1553 3451 ellorum
1572 3404 1767 3451 suorum
1795 3398 1966 3450 obten-
2012 3402 2068 3449 ad
2098 3403 2221 3449 alios
2250 3400 2394 3449 Suedi
2436 3399 2596 3449 hostes
2640 3419 2824 3453 merces
2863 3410 2968 3456 ullas

985 3477 1044 3512 tu
1086 3470 1342 3512 Danorum
1388 3467 1688 3513 commercia
1737 3465 1964 3530 impedis·
2012 3480 2094 3529 per
2122 3465 2305 3512 fretum
2331 3463 2640 3526 Cimbricum
2671 3468 2743 3515 ire
2776 3468 2965 3531 fineret,

983 3527 1121 3589 sent,
1156 3541 1328 3579 natum
1357 3528 1471 3577 inde
1499 3530 1594 3588 jam
1622 3531 1748 3577 olim
1780 3528 1963 3576 bellum
2011 3545 2098 3594 pro
2126 3544 2228 3593 quo
2256 3543 2338 3576 rex
2362 3530 2527 3576 Daniae
2554 3529 2644 3578 alia
2669 3531 2754 3580 fibi
2786 3534 2966 3583 viciffim

985 3593 1115 3640 inter
1140 3605 1219 3639 eas
1283 3602 1420 3639 entes
1467 3606 1533 3640 eo
1573 3593 1709 3639 exitu
1743 3605 1797 3639 ut
1840 3594 1967 3640 Dani
2009 3592 2277 3641 commoda
2310 3590 2565 3654 stipulatus
2609 3594 2711 3643 est:
2775 3596 2851 3646 sed
2882 3599 2962 3645 haec

982 3656 1155 3719 Anglis
1179 3656 1234 3702 tri
1278 3668 1420 3703 utum
1463 3657 1806 3720 imponerent,
1855 3658 1962 3712 cui,
2010 3657 2116 3704 sunt
2146 3657 2278 3718 pacta
2312 3654 2531 3715 specialia
2558 3670 2616 3705 ex
2645 3658 2822 3722 quibus
2857 3659 2963 3709 nihil

987 3720 1178 3766 Danico
1215 3719 1414 3767 denario
1455 3733 1675 3779 nornen,
1710 3720 1822 3776 cui,
1857 3736 1960 3767 mu-
2008 3719 2174 3768 inferri
2205 3719 2362 3784 potest
2392 3719 2530 3784 quod
2563 3736 2738 3770 omnes
2780 3722 2968 3787 obliget.

984 3793 1084 3828 tata
1111 3784 1333 3845 quamvis
1363 3782 1497 3831 causa
1520 3819 1534 3843 ,
1570 3797 1759 3831 nomen
1790 3783 1962 3831 mansit
2009 3788 2138 3831 Nam
2166 3785 2210 3830 &
2238 3784 2361 3830 illud
2390 3786 2439 3830 in
2467 3783 2651 3847 scriptis
2684 3787 2776 3834 suis
2815 3791 2965 3835 dixere

982 3844 1193 3906 adusque
1220 3861 1447 3909 tempora
1477 3849 1735 3894 Guilielmi
1755 3848 1957 3913 ejusqui
2008 3848 2383 3901 Germani,non
2418 3861 2591 3896 ornnes
2618 3850 2768 3912 pastis
2797 3862 2965 3899 merces

983 3898 1176 3964 stirpem
1201 3924 1327 3957 nunc
1364 3924 1650 3972 regnantem
1689 3913 1738 3957 in
1777 3916 1950 3976 Anglia
2003 3910 2276 3972 prohiberi,
2313 3907 2390 3956 sed
2418 3924 2496 3956 eas
2526 3926 2631 3975 quae
2668 3915 2717 3959 in
2748 3915 2962 3974 Angliam

983 3963 1235 4031 fundavi&
1279 3985 1332 4023 ut
1358 3975 1652 4027 notavitvix
1677 3989 1861 4041 magnas
1892 3973 1947 4024 fi·
1999 3974 2145 4025 semel
2174 3977 2450 4037 importatae
2478 3988 2562 4023 aut
2586 3977 2637 4023 in
2650 3978 2818 4041 Anglia
2833 3988 2962 4082 cortu·

2793 4048 2896 4099 para
2921 4047 2958 4081 π
