3182 5113
1180 424 1822 509 INffDEX,

391 568 499 624 non
525 567 584 619 ad
601 564 906 634 perdendum.
932 574 979 628 2,
997 570 1076 612 17,
1094 568 1136 601 2.
1153 552 1253 600 'suae
1270 563 1428 624 quem·
1455 590 1459 597 ,

385 633 598 699 que'esse
625 634 862 683 summum
897 624 1146 673 dominum
1174 653 1186 673 ,
1223 628 1435 680 gentium

388 700 454 749 est
485 701 666 763 opinio,
799 751 805 760 j
937 708 981 746 3,
1004 704 1048 742 2,
1073 692 1117 734 6.
1148 686 1196 731 ὅτ.
1221 695 1427 738 3,2o‚43

331 762 447 814 Vitae
477 767 635 829 pactio
662 758 929 818 libertatem
975 768 1075 800 non
1122 746 1428 809 comptehen-

392 830 478 881 dit.

327 893 496 951 ⁴Vitam
541 894 721 941 setvate
766 887 800 937 st
846 898 1079 949 nequeam
1126 878 1287 948 aliter,
1322 876 1433 921 licet

390 960 514 1006 mihi
545 972 653 1004 eam
696 947 1023 1017 impetentem.
1054 958 1206 994 atcere
1237 955 1282 989 vt
1315 954 1429 1001 qua-

359 1025 363 1029 '
394 1038 596 1083 cunque.
639 1037 655 1067 1
677 1056 690 1076 ,
740 1035 788 1075 1,
823 1034 862 1071 3.
892 1011 1074 1063 etiamsi
1103 1008 1158 1056 fit
1189 1007 1435 1051 innocens·

396 1102 420 1141 3
445 1122 459 1143 ,
500 1103 518 1133 1
541 1125 557 1144 ‚
591 1102 633 1134 2.
671 1086 717 1131 in
746 1086 891 1130 vitam
926 1076 1136 1128 nostram
1176 1074 1303 1116 Deus
1334 1067 1439 1128 plus

360 1146 367 1212 ἶ
396 1151 511 1211 jutis
545 1149 712 1205 habet,
760 1163 903 1211 quam
934 1157 1020 1190 nos
1058 1135 1155 1210 ipsi.
1195 1148 1246 1188 Ι,
1295 1146 1315 1183 3
1339 1164 1352 1187 2
1392 1143 1435 1181 3·

394 1216 465 1276 jus
490 1217 634 1263 etiam
668 1211 806 1260 habet
837 1209 935 1258 fine
976 1207 1145 1252 intuitu
1171 1198 1340 1271 pulpae.
1379 1210 1437 1267 ².’

400 1296 487 1335 21,
538 1297 607 1337 14.
644 1279 788 1326 vitam
821 1266 1136 1324 multitudinis
1171 1273 1437 1308 innocentis

370 1342 373 1348 ’
398 1345 487 1392 suae
513 1347 645 1392 unius
672 1344 871 1406 quisque
910 1346 1090 1390 tenetut
1123 1327 1351 1434 ptaefettg.
1392 1340 1438 1379 2,

1347 1404 1385 1440 5,
1414 1402 1433 1439 3

336 1457 490 1529 Vitia,
540 1489 640 1535 quae
686 1488 743 1521 ex
792 1464 1002 1531 coxpotis
1050 1459 1258 1525 mixtura
1298 1452 1436 1513 origi-

395 1555 507 1586 nem
555 1539 749 1586 trahunt
780 1571 793 1592 ,
849 1531 1079 1583 facillime
1142 1517 1433 1565 remittenda,

364 1595 369 1598 ’
401 1621 449 1658 2,
478 1622 555 1660 20,
590 1619 663 1656 31.
697 1617 799 1648 non
825 1605 999 1643 omne,
1024 1582 1151 1647 quod
1178 1580 1231 1627 fit
1245 1579 1409 1627 vitiose
1428 1614 1441 1635 ,

396 1681 523 1714 caret
551 1666 719 1713 effestu
749 1660 877 1715 juris.
1139 1663 1143 1668 '
1208 1660 1266 1700 2,
1308 1660 1373 1700 11,
1410 1662 1438 1697 9

333 1727 461 1781 vitia
497 1726 658 1788 qualia
702 1721 931 1780 impunita
978 1708 1069 1758 effe
1117 1707 1334 1760 debeant,
1383 1725 1440 1766 2,

1118 1783 1378 1829 20,18,20,
1414 1791 1431 1821 1

337 1853 574 1926 Vitiofitas
606 1851 746 1898 ,astus
788 1840 845 1888 ab
893 1840 1062 1890 effeetu
1121 1838 1436 1887 discernenda.

1195 1919 1235 1957 2,
1272 1917 1322 1957 17
1382 1919 1436 1950 22

343 1985 521 2036 Vitium
565 1975 629 2026 rei
665 1975 716 2023 in
744 1968 1063 2021 conttastibus
1102 1938 1437 2022 indicandum,

387 2051 455 2121 'oc
488 2059 645 2109 quare.
1199 2049 1240 2087 2,
1262 2048 1337 2088 12,
1353 2049 1396 2087 9,
1416 2047 1435 2077 1

341 2119 493 2163 Vittae.
1250 2113 1293 2152 3,
1315 2114 1390 2155 24>
1421 2115 1439 2151 5

1202 829 1244 868 32
1266 827 1343 866 23,
1377 826 1429 856 12
1491 847 1496 852 -

1551 559 1661 591 cum
1692 536 1994 603 obligatione
2017 545 2201 593 mutua.
2223 551 2267 596 33
2290 547 2338 593 1,
2367 547 2415 590 ε.
2440 553 2609 601 vocuffi

1556 608 1886 669 ambiguatum
1921 605 1956 652 is
2006 600 2159 650 sensus
2208 601 2489 663 sumendus,
2532 621 2610 672 qui

1553 676 1672 724 vitio
1689 682 1832 721 caret.
1863 686 1922 725 2,
1956 676 2042 727 16,
2074 676 2115 715 6.
2136 666 2290 715 sensus
2325 666 2612 733 impmpffu,

1552 737 1830 793 sumendus,
1890 747 2000 781 cum
2043 743 2122 780 aut
2180 729 2433 781 absurdum
2492 738 2617 798 alias

1553 805 1817 865 sequetetut
1841 835 1855 855 ,
1883 813 1960 847 aut
1982 797 2174 860 pafitum
2204 795 2481 847 teddetetm
2506 800 2614 853 inu.

1561 870 1659 917 tile.
1694 886 1740 924 2,
1768 874 1843 922 16,
1881 877 1953 915 12.
1974 863 2024 911 in
2051 861 2510 926 pastispopulaxitet
2539 865 2616 918 su.·
2651 867 2656 870 ’

1550 933 1765 983 meuduS.
2388 946 2437 985 2,
2477 939 2553 990 16,
2586 948 2622 990 2‘

1495 998 1552 1044 de
1579 998 1784 1047 vocibus
1823 994 1964 1044 metis
1991 992 2253 1059 disputatio
2280 994 2514 1045 cavenda.
2553 1014 2616 1062 2,

1678 1123 1691 1134 .
1858 1123 1869 1133 .
2430 1076 2514 1118 ²⁶³
2549 1080 2610 1123 ²3

1497 1126 1691 1176 volenti
1725 1124 2001 1173 mentiendo
2025 1137 2088 1171 an
2113 1123 2285 1184 injutia
2310 1124 2416 1174 fiat.
2457 1142 2479 1180 3
2504 1161 2519 1184 ‚
2556 1146 2577 1180 1
2595 1168 2614 1192 ,

1621 1253 1632 1265 .
1735 1248 1748 1260 .
1916 1251 1928 1263 ,
2035 1248 2044 1259 1
2474 1203 2554 1251 η’·
2588 1213 2612 1246 1

1495 1249 1703 1301 Voluisse
1734 1267 1784 1299 in
1818 1251 1962 1300 dubio
1994 1253 2195 1317 quisque
2224 1253 2437 1304 censetur
2470 1262 2610 1318 quod

1557 1317 1621 1364 est
1646 1314 1974 1377 aequiffimum.
2413 1336 2463 1375 2,
2495 1338 2543 1381 7,
2582 1341 2611 1380 3

1498 1383 1725 1430 Voluntas
1753 1381 1969 1429 defuneti
1996 1397 2084 1441 pro
2109 1384 2231 1446 lege.
2426 1392 2474 1441 2,
2504 1403 2551 1446 7,
2580 1405 2608 1444 3

1498 1447 1733 1494 Voluntas
1756 1460 1858 1507 quae
1885 1443 2128 1508 punibilis.
2326 1466 2354 1496 2
2374 1482 2389 1505 ‚
2432 1467 2514 1509 20,
2551 1465 2609 1503 18

1497 1514 1730 1561 Voluntas
1753 1513 1843 1559 Dei
1870 1511 2179 1569 nominatur,
2219 1511 2300 1561 ubi
2337 1513 2480 1563 causae
2506 1533 2616 1569 non

1554 1589 1805 1639 apparent.
2233 1595 2292 1635 z,
2329 1594 2424 1635 20,
2455 1590 2546 1639 48,
2589 1599 2612 1632 1

1495 1643 1725 1688 Voluntas
1748 1643 1846 1699 jute
1871 1639 2133 1703 mutabilis,
2370 1658 2398 1689 2
2417 1679 2430 1701 ,
2461 1661 2477 1690 1
2493 1662 2512 1693 1
2531 1681 2547 1704 ‚
2583 1664 2612 1697 2

1496 1708 1728 1757 Voluntas
1762 1706 1888 1753 unde
1921 1706 2190 1767 colligatur.
2222 1722 2267 1762 2,
2292 1715 2380 1763 16,
2412 1717 2490 1759 26.
2520 1726 2614 1759 na..

1555 1773 1767 1818 tut-alites
1814 1769 1982 1818 sufficit
2028 1770 2089 1816 ad
2129 1771 2501 1833 obligationem.
2551 1792 2613 1834 2,

1566 1850 1641 1893 11,
1672 1851 1710 1883 1.
1741 1835 1892 1884 etiam
1914 1834 2014 1883 fine
2038 1835 2172 1881 causa
2200 1836 2526 1898 obligationis,
2564 1857 2615 1899 2,

1560 1909 1634 1957 16,
1670 1917 1750 1950 20.
1790 1899 2062 1962 accipientis
2105 1899 2258 1960 potest
2298 1903 2614 1954 ttaditionem

1556 1965 1847 2014 antecedere.
1890 1981 1936 2020 2,
1971 1972 2016 2017 6,
2048 1978 2090 2010 2.
2125 1963 2176 2009 in
2203 1966 2527 2015 eontrasttbus
2554 1984 2618 2019 ex

1559 2041 1754 2091 utraque
1800 2041 1932 2090 patte
1977 2026 2226 2088 tequititut
2270 2033 2481 2091 aequalis,
2553 2051 2618 2089 2,

2439 2112 2518 2151 12,
2556 2112 2618 2143 κ)

344 2178 516 2231 Ulciici
541 2171 653 2228 quid
680 2167 912 2233 significet
939 2161 1215 2227 Augustino,
1244 2176 1287 2217 2,
1319 2177 1337 2206 1
1356 2195 1369 2217 ,
1397 2177 1443 2218 2,
1502 2158 1732 2206 Voluntas
1759 2157 1809 2204 in
1835 2155 1981 2204 dubio
2007 2155 2208 2204 creditut
2247 2155 2334 2205 sibi
2374 2157 2466 2207 effe
2493 2174 2620 2208 con-

411 2246 506 2287 vide
539 2238 803 2289 vindicate.

346 2307 484 2357 Ultio
513 2321 573 2352 an
601 2302 686 2363 juti
709 2311 883 2346 natutae
908 2288 1178 2361 conveniat.
1207 2306 1252 2346 2,
1271 2307 1347 2347 20,
1389 2307 1408 2349 5
1433 2325 1449 2343 ,

1340 2367 1383 2409 1,
1425 2371 1443 2407 3

350 2437 487 2487 Ultio
531 2448 592 2481 an
625 2429 755 2478 licita
785 2431 881 2487 juxe
914 2435 1089 2471 natutae
1130 2422 1177 2466 δε
1218 2419 1446 2481 gentium.

1080 2502 1127 2537 Ζ,
1157 2499 1230 2537 20,
1269 2496 1311 2539 8,
1342 2500 1386 2538 2,
1424 2500 1443 2535 3

356 2566 490 2616 Ultio
517 2578 578 2609 an
607 2553 883 2609 Chtistianis
912 2546 1148 2616 permissa.
1189 2565 1231 2605 2,
1259 2566 1337 2604 20,
1364 2563 1417 2593 10
1436 2583 1448 2604 ,

1348 2628 1387 2665 ῑ,
1428 2630 1447 2667 ς

357 2690 568 2743 Ultionis
598 2684 819 2736 testxistio
843 2682 984 2731 unde.
1139 2696 1193 2733 2,
1224 2694 1311 2733 20,
1349 2686 1392 2733 3,
1424 2697 1454 2735 4

356 2758 484 2806 Unio
534 2752 845 2815 populorum,
895 2744 975 2792 aui
1014 2758 1293 2806 regnotum,
1340 2740 1454 2800 quid

416 2830 649 2881 operetur.
1272 2821 1316 2860 2,
1348 2823 1394 2862 9,
1429 2824 1454 2858 9

358 2880 647 2935 Univetfitas
671 2873 856 2934 obligat
886 2869 1113 2931 singulos.

360 2941 648 2997 Univetsttas
691 2948 884 2990 manet,
935 2936 1080 2979 etiam
1133 2949 1242 2981 cum
1285 2930 1457 2996 singuli

417 3011 670 3057 intereunt.
705 3020 751 3057 2,
785 3016 826 3057 5,
863 3015 901 3045 1.
925 2999 1017 3054 iure
1044 2998 1260 3058 gentium
1285 3000 1454 3042 volun—

417 3072 560 3120 tatio.
597 3087 616 3123 3
637 3103 649 3124 ,
681 3085 739 3121 2,
770 3082 813 3111 2.
853 3066 944 3109 vicie
967 3062 1206 3110 Debitum.
1237 3075 1335 3105 non
1363 3076 1457 3122 qua

423 3134 595 3199 finguli
611 3167 636 3193 ,¹
651 3131 728 3179 sed
760 3142 852 3189 qua
878 3142 974 3189 pats
1004 3125 1105 3171 sunt
1129 3122 1453 3174 universitatis

428 3218 476 3257 3,
507 3218 551 3254 2,
581 3214 625 3249 1.
661 3210 710 3243 ut
744 3187 1102 3255 tamenfinguli
1140 3192 1267 3237 bona
1296 3192 1373 3237 sua
1401 3207 1457 3238 ex

422 3263 745 3324 delistossejus
791 3257 1038 3308 amittant,
1084 3256 1133 3300 in
1179 3254 1311 3316 quod
1357 3271 1456 3302 non

421 3325 722 3379 consensere,
755 3319 989 3378 injustum.
1216 3336 1275 3371 2,
1311 3334 1365 3365 21
1387 3355 1399 3375 ,
1433 3336 1456 3375 7

366 3389 694 3445 Univetfitatis
739 3385 900 3432 debito
945 3382 1109 3448 singuli
1136 3398 1197 3429 an
1237 3380 1457 3444 obligen-

429 3472 530 3511 tur,
565 3458 613 3503 ὃς
642 3455 890 3516 quatenus.
1234 3449 1291 3502 2‘,
1326 3461 1401 3504 14,
1432 3465 1456 3503 7

368 3519 696 3574 Univerfitatis
735 3531 802 3562 tes
831 3515 901 3560 cui
941 3512 1233 3574 acquirantur
1271 3512 1320 3557 in
1359 3511 1454 3560 bel-

426 3591 495 3638 lo,
529 3602 573 3642 3,
602 3596 645 3640 8,
667 3603 711 3642 4.
747 3582 803 3626 de
827 3575 1119 3625 universitate
1148 3575 1359 3635 qua-dam
1390 3578 1453 3624 di-

431 3663 599 3699 cuntur
632 3649 819 3711 ptimo,
871 3646 1079 3702 quaedam
1116 3656 1214 3689 non
1253 3638 1339 3688 nifi
1383 3643 1456 3689 de-

428 3716 662 3764 rivatione
688 3728 713 3758 a
751 3709 963 3771 fingulis.
1243 3724 1287 3762 2,
1317 3721 1366 3751 21
1395 3743 1407 3762 ,
1446 3718 1465 3752 8

368 3786 521 3830 Voces
551 3794 610 3827 an
643 3776 877 3824 naturalia
905 3771 1051 3836 figna.
1131 3822 1145 3827 ,,

371 3852 523 3896 Voces
557 3841 833 3890 naturaliter
867 3840 985 3886 nihil
1012 3836 1290 3901 significant.
1334 3852 1378 3890 3,
1418 3852 1432 3882 1
1461 3869 1473 3890 ,

441 3921 483 3958 8.
519 3922 660 3964 voces
707 3906 867 3952 multae
913 3905 1057 3952 aliam
1088 3904 1238 3948 latam
1267 3934 1280 3955 ,
1330 3901 1476 3948 aliam

382 4017 387 4023 .
435 3974 646 4022 sttistam
679 3971 854 4017 habent
886 3967 1293 4032 significationem.
1328 3980 1372 4020 2,
1404 3973 1479 4020 16,

1229 2865 1483 2923 225217'

1563 2223 1783 2269 sentiens,
1824 2236 1882 2276 2,
1927 2230 2008 2270 16,
2047 2237 2093 2275 7.
2124 2221 2412 2280 hominum,
2462 2225 2619 2286 potest

1561 2285 1654 2334 esse
1686 2283 1899 2333 mensura
1947 2288 2072 2343 ejus,
2126 2285 2258 2345 quod
2305 2302 2391 2333 tes-
2418 2302 2622 2351 quaeque

1563 2352 1707 2399 valet.
1739 2367 1795 2406 2,
1830 2366 1904 2403 η,
1936 2365 2006 2405 15.
2034 2351 2131 2395 vide
2160 2350 2380 2399 Pretium.
2409 2355 2622 2401 malefa-

1564 2415 1749 2470 ciendi,
1783 2413 1818 2460 fi
1854 2429 1932 2476 pet
1960 2426 2156 2461 externa
2180 2413 2316 2477 figna
2344 2415 2403 2462 de
2430 2431 2484 2463 ea
2500 2425 2628 2475 con-2

1559 2480 1755 2535 stiterit,
1792 2478 1943 2540 puniti
1983 2477 2149 2539 potest.
2179 2495 2239 2534 2,
2271 2496 2350 2535 20,
2373 2497 2445 2535 39·
2477 2495 2625 2529 mand

1574 2545 1732 2592 dantis
1767 2543 1816 2590 in
1855 2542 1999 2590 dubio
2042 2540 2283 2598 censetur,
2335 2558 2384 2591 ut
2421 2543 2624 2596 servetut

1563 2610 1865 2660 mandatum.
1898 2623 1954 2663 2,
1984 2624 2062 2664 11,
2093 2624 2166 2662 17.
2201 2608 2444 2668 pejerandi
2476 2612 2628 2660 etiam

1568 2675 1760 2720 occulta
1804 2676 1995 2734 punitur
2025 2687 2052 2717 a
2099 2679 2222 2721 Deo·
2257 2686 2304 2726 2,
2339 2687 2415 2728 13,
2454 2689 2494 2724 1.
2531 2689 2627 2736 po-h

1567 2740 1668 2799 puli
1710 2753 1812 2800 quae
1872 2734 2185 2796 praesumatur.
2250 2739 2345 2782 vide
2402 2738 2629 2786 Praesum-'

1569 2804 1672 2864 ptio
1729 2806 1856 2862 eius,
1891 2799 1973 2862 qui
2000 2815 2125 2848 nuuc
2158 2798 2255 2855 est,
2290 2802 2487 2862 quando
2520 2818 2630 2852 non

1573 2882 1660 2927 pro
1684 2868 1780 2913 alia
1812 2880 1958 2926 quam
2001 2866 2225 2926 primaeva
2251 2866 2420 2926 populi
2446 2868 2629 2914 volun-¹

1575 2944 1674 2977 tate
1699 2931 1968 2992 accipiatur.
1991 2944 2034 2986 2,
2060 2946 2110 2985 7,
2138 2946 2212 2984 27.
2242 2930 2364 2991 tegis
2393 2929 2437 2976 se
2467 2932 2517 2979 in
2549 2931 2626 2978 in-

1572 3009 1761 3058 tegrum
1794 2993 2030 3041 testituete
2055 2994 2282 3054 cupientis
2336 2994 2463 3041 unde
2506 3010 2626 3057 ptae-

1571 3060 1805 3114 fumauit,
1839 3059 1915 3106 vel
1944 3060 2274 3120 cognoscatur.
2412 3074 2459 3115 2,
2491 3068 2631 3118 14,'z·‘

1510 3124 1785 3175 Voluntatis
1819 3122 2092 3182 conie&uta
2138 3120 2311 3180 cessat,
2349 3137 2461 3172 cum
2492 3119 2627 3170 causa

1575 3188 1670 3235 alia
1697 3202 1903 3250 appatet.
1938 3204 1984 3241 2,
2010 3207 2058 3246 4,
2090 3204 2132 3244 ς.
2161 3203 2223 3236 an
2240 3188 2300 3234 ad
2320 3185 2510 3235 bellum
2550 3182 2629 3230 su-

1577 3253 1867 3312 scipiendum
1899 3249 2098 3298 sufficiat
2132 3250 2312 3299 minori
2362 3245 2623 3312 Magistta-

1575 3317 1660 3365 tui.
1689 3334 1729 3374 1,
1772 3335 1817 3373 3,
1854 3333 1896 3371 ς.
1930 3315 2142 3365 ἀεί-ἐδῒῑιε
2177 3315 2455 3379 originatius
2495 3310 2628 3358 unde

1581 3394 1725 3440 queat
1758 3380 1981 3443 intelligi.
2018 3397 2066 3436 2,
2102 3389 2176 3436 16,
2205 3397 2284 3429 22.
2313 3377 2623 3426 internuntius

1579 3444 1737 3493 diffett
1764 3462 1791 3492 a
1817 3443 2089 3494 tabellario,
2115 3463 2143 3494 z
2169 3479 2182 3501 ‚
2211 3461 2284 3502 11,
2316 3457 2392 3495 17·
2421 3439 2539 3485 tatio
2569 3440 2621 3487 iti

1579 3510 1868 3559 testamento
1902 3510 2154 3571 quomodo
2201 3503 2391 3569 judicati
2436 3500 2625 3555 debeat.

1586 3594 1633 3634 2,
1655 3584 1736 3631 16,
1758 3584 1831 3623 26.
1863 3573 1997 3637 figna
2024 3573 2298 3622 sufficientia
2316 3581 2430 3628 (ωε.
2453 3582 2479 3614 2
2496 3600 2509 3622 ³
2547 3580 2626 3624 Π,

1588 3655 1659 3689 11.
1695 3640 1947 3702 quomodo
1997 3641 2219 3688 voluntas
2262 3648 2320 3681 ex
2361 3631 2414 3677 iis
2449 3630 2629 3687 diiudi-

1583 3704 1753 3753 canda.
2395 3710 2437 3748 2,
2462 3704 2533 3750 16,
2565 3701 2628 3741 26

1247 3786 1287 3826 3,
1310 3785 1352 3825 1,
1395 3782 1470 3827 8,1
1527 3772 1839 3820 Voluntatem
1867 3768 2054 3818 domini
2085 3778 2182 3814 rem
2214 3762 2334 3808 {uam
2383 3759 2442 3805 ad
2476 3760 2629 3807 alium

1587 3834 1840 3883 transfette
1889 3833 2139 3894 cupientiS,
2192 3822 2352 3871 servati
2398 3826 2496 3880 jure
2542 3838 2632 3869 na-

1586 3900 1732 3947 tutali
1778 3913 1961 3959 aequum
1993 3894 2071 3942 cst:
2111 3910 2166 3944 2,
2205 3905 2277 3943 11,
2313 3903 2353 3937 1.
2388 3901 2439 3934 ut
2476 3897 2635 3935 mutet

1595 3966 1778 4010 animus
1809 3965 2070 4013 humanus,
2100 3970 2196 4001 non
2223 3954 2495 4014 potentiam
2521 3967 2638 4000 mo·

442 4055 488 4094 9.
525 4045 691 4085 omnes
730 4033 1091 4095 ambiguitatem
1114 4029 1391 4078 admittunt.
1426 4046 1481 4085 3,
1599 4028 1662 4073 do
1688 4026 1858 4081 habet,
1893 4024 1972 4070 sed
2006 4026 2051 4069 ἃ
2086 4023 2170 4078 5¹1⁵·
2437 4033 2484 4070 2,
2507 4027 2581 4070 11,
2612 4029 2643 4062 Ζ

441 4118 491 4162 x,
517 4116 591 4160 17.
629 4111 820 4164 tepettae
859 4097 963 4150 sunt
1004 4097 1064 4148 ad
1092 4092 1485 4160 significandum,
1540 4096 1806 4144 voluntate
1834 4086 2038 4141 cessante
2052 4099 2152 4135 non
2167 4094 2330 4134 manet
2350 4080 2644 4129 dominium.

2358 4164 2404 4206 2,
2421 4162 2466 4207 9,
2486 4161 2530 4198 1.
2558 4158 2652 4194 no-
