3182 5113
883 432 1074 513 Ἢ49(οὸ
1464 469 1472 481 =
1583 433 1641 508 I.
1705 434 1740 507 Ι
1791 436 1848 506 Β
1897 434 1964 506 Ε
2017 438 2098 511 R
2192 444 2321 515 111:
2592 509 2597 515 .
2795 465 2928 539 §.11

1523 669 2034 740 CAPUT
2152 675 2327 742 XII.

1113 846 1716 931 Temperamentum
1748 858 1906 922 circa
1940 857 2332 923 vastationem
2356 908 2374 937 ‚
2417 860 2477 924 &
2511 857 2737 923 fimilia.

912 1026 959 1085 I.
1002 1026 1171 1107 Quat
1211 1030 1440 1108 vastatio
1477 1033 1630 1109 justa
1679 1037 1756 1114 stt
1806 1034 1882 1094 &³
1939 1041 2010 1097 V.
2056 1039 2120 1096 Si
2144 1060 2219 1098 res
2243 1043 2354 1117 ipsa
2386 1044 2466 1098 ad
2488 1042 2672 1098 bellum
2711 1036 2902 1112 foven-

992 1116 1270 1180 quatenus.
2005 1116 2131 1173 dum
2163 1121 2358 1175 nulllus
2377 1119 2451 1193 fit
2481 1120 2615 1190 usus.

918 1180 990 1235 ΙΙ.
1037 1179 1410 1256 Abstinendum
1458 1205 1497 1240 a
1550 1188 1879 1262 vastatione,
1945 1195 2043 1250 Vi.
2084 1194 2196 1249 Hoc
2237 1201 2471 1251 maxime
2511 1197 2677 1250 locum
2721 1191 2907 1247 hahere

976 1254 1033 1329 fi
1070 1276 1147 1310 res
1188 1259 1329 1314 nobis
1369 1257 1650 1333 fruft'uosa
1683 1266 1757 1339 sit
1808 1264 1882 1324 &³
2019 1274 2082 1325 in
2114 1273 2197 1326 his
2223 1292 2331 1347 qua
2348 1275 2507 1344 sacra
2535 1272 2670 1342 sunt
2693 1279 2795 1323 aut
2818 1271 2903 1341 fito

995 1343 1151 1386 extra
1188 1334 1337 1409 hostis
1354 1338 1679 1412 potestatem.
2017 1350 2117 1403 cris
2141 1350 2396 1403 accedunt
2413 1367 2432 1403 .·

914 1406 1026 1463 Ill.
1062 1410 1126 1464 Si
1157 1430 1359 1484 magna
1381 1412 1459 1488 sit
1475 1416 1587 1485 spes
1612 1418 1780 1474 celeris
1810 1423 1886 1474 vi-
1949 1422 2076 1478 Vll.
2114 1424 2253 1479 Item
2291 1420 2531 1497 religiosis
2555 1441 2574 1480 ε

998 1483 1195 1541 &ov-icc:
1950 1499 2105 1555 VIM.
2150 1502 2423 1555 Utilitates
2458 1544 2471 1568 ,
2539 1517 2648 1575 quac
2700 1514 2764 1552 ex
2813 1497 2909 1551 talc·

923 1559 1026 1615 IV.
1066 1561 1131 1616 Si
1146 1563 1296 1638 hostis
1322 1563 1519 1621 habeat
1545 1568 1762 1624 aliunde
1793 1589 1892 1646 quo
2022 1576 2370 1632 moderatione
2379 1577 2681 1653 sequuntur
2702 1617 2718 1642 ,
2742 1591 2908 1627 anno-

981 1634 1046 1707 se
1066 1637 1359 1711 sustentet:
2023 1661 2164 1709 tata.

885 1805 960 1865 -Ι,
1007 1826 1055 1868 1.
1091 1808 1301 1932 RES
1333 1815 1555 1876 alterius
1587 1832 1652 1878 ut
1682 1819 1917 1896 perdere
1951 1825 2071 1896 quis
2106 1825 2447 1896 fine.injuria
2472 1824 2671 1899 point,
2713 1826 2912 1881 horum

1258 1893 1421 1949 trium
1452 1911 1628 1954 unum
1658 1898 1954 1955 antecedat
1982 1901 2202 1957 neceffe
2234 1905 2345 1960 est:
2392 1915 2487 1959 aut
2523 1900 2806 1958 neceffitas
2842 1911 2916 1955 ta·

913 1960 1018 2027 lis,
1060 1980 1183 2036 quae
1216 1967 1273 2022 in
1304 1969 1467 2040 primi
1500 1985 1518 2015 1
1556 1972 1794 2033 dominii
1829 1976 2177 2032 institutione
2216 1993 2452 2053 excepta
2477 1977 2679 2033 debeat
2712 1976 2910 2063 intelli:

916 2038 1004 2108 gi;
1047 2051 1109 2094 ut
1139 2041 1179 2097 fi
1212 2045 1337 2114 quis
1371 2048 1521 2101 tertii
1547 2048 1822 2119 gladium,
1865 2068 1982 2121 quo
2014 2051 2204 2110 usurus
2243 2055 2309 2111 fit
2352 2055 2624 2123 furiosus,
2678 2052 2909 2125 penculi

910 2112 995 2176 §ui
1020 2116 1266 2172 evitandi
1297 2122 1455 2175 causa
1478 2123 1534 2176 in
1564 2140 1780 2180 amnem
1819 2128 2103 2198 projiciat,
2144 2148 2260 2203 quo
2293 2132 2410 2205 ipso
2444 2143 2630 2186 tamen
2655 2128 2780 2185 casu
2803 2145 2907 2182 ma·

912 2204 1048 2249 nere
1080 2193 1485 2265 obligationem
1523 2197 1709 2255 damni
1738 2199 2068 2260 resarciendi
2117 2224 2189 2262 ex
2222 2211 2442 2266 veriore
2480 2205 2755 2261 sententia
2783 2202 2911 2258 alibi

669 2269 946 2319 ‘Libana
980 2264 1250 2322 diximus:
1292 2279 1387 2323 aut
1417 2272 1669 2331 debitum
1702 2277 1927 2349 aliquod
1959 2283 2274 2353 procedens
2318 2299 2344 2329 2
2381 2300 2450 2339 ex
2496 2280 2868 2353 inaequalitate
2898 2321 2913 2345 ,

640 2352 680 2384 c·
701 2352 771 2383 11·
793 2335 838 2396 Φ·
859 2340 1177 2398 9·nimi1·um
1210 2354 1272 2398 ut
1305 2358 1324 2395 3
1365 2363 1450 2402 res
1484 2349 1700 2420 perdita
1731 2352 2037 2426 imputetur
2068 2358 2124 2413 in
2156 2358 2291 2414 illud
2329 2358 2579 2415 debitum
2614 2356 2764 2429 quafi
2798 2372 2914 2431 pes·

923 2428 1117 2489 cepta,
1161 2418 1375 2491 alioqui
1405 2425 1553 2480 enim
1580 2428 1666 2494 Jus
1698 2444 1816 2483 non
1856 2430 2020 2488 effet:
2065 2446 2160 2489 aut
2195 2449 2228 2490 4
2262 2437 2521 2491 meritum
2554 2431 2782 2505 aquuod
2807 2447 2917 2488 ma«

924 2492 1073 2562 lum,
1117 2494 1208 2551 cui
1239 2512 1406 2567 pcena
1435 2500 1555 2556 talis
1589 2519 1688 2574 par
1721 2504 1818 2574 fit,
1860 2520 1954 2563 a-ut
1980 2509 2132 2577 cujus
2156 2510 2462 2567 mensuram
2486 2526 2653 2583 poena
2683 2524 2800 2564 non
2824 2522 2917 2562 ex·

629 2551 1123 2676 jffirfffjlidecedatt
1165 2586 1291 2627 113111
1310 2616 1327 2641 ‚
1368 2586 1429 2631 ut
1456 2579 1604 2635 recle
1627 2591 1790 2638 notat
1815 2579 1840 2628 b
1871 2583 1980 2641 sani
1998 2584 2191 2656 judicii
2223 2587 2526 2661 theologus
2547 2629 2564 2654 ‚
2598 2596 2660 2642 ut
2683 2592 2917 2654 propter

642 2701 686 2726 n·
720 2696 794 2736 52·
824 2676 882 2730 ΕΦ·
1052 2684 1061 2695 ‘
2160 2680 2166 2689 “
2718 2670 2924 2727 pecora

646 2755 724 2797 5⁶.
1552 2797 1558 2803 ἱ

1148 2824 1194 2869 G
1227 2834 1264 2872 R
1292 2836 1327 2873 ο
1361 2839 1402 2875 Ν
1433 2839 1469 2875 ο
1505 2841 1539 2879 V
1572 2842 1596 2880 Ι
1624 2844 1667 2881 1.
1938 2848 2040 2885 tum
2072 2837 2202 2885 illius
2240 2834 2341 2891 rei,
2394 2828 2692 2893 quandoque
2732 2823 2904 2892 possit,

1936 2902 2143 2949 domino
2167 2894 2464 2943 restituendae
2489 2907 2540 2939 ac
2563 2889 2821 2939 sarciendae.

916 2957 938 2991 ι
975 2942 1071 3022 D
1092 2947 1542 3011 Ominiiinstitutione
1558 2964 1754 3024 excepta]
1786 2962 1881 3007 Ne·
1998 2978 2023 3007 2
2060 2963 2135 3005 Ex
2162 2957 2491 3017 inaqualitate}
2541 2960 2608 3002 EX
2637 2969 2728 3014 ⁶0,
2762 2950 2897 3017 quod

1108 3025 1204 3072 que
1244 3018 1375 3062 enim
1427 3020 1624 3082 privatis
1665 3023 1881 3070 dominis
1937 3024 2044 3085 quis
2072 3033 2265 3066 mecum
2299 3018 2564 3077 contraxit,
2612 3018 2658 3064 ὅς
2686 3018 2792 3081 plus
2823 3031 2897 3062 ac-

914 3067 1147 3120 institutis
1174 3075 1520 3138 praesumuntur
1544 3083 1744 3131 voluiffe
1775 3098 1883 3142 gen·
1932 3082 2060 3144 cepit
2085 3096 2233 3144 quam
2256 3083 2303 3127 ei
2328 3081 2616 3136 debebatur,
2651 3094 2732 3127 me
2771 3080 2893 3126 frau*

913 3144 1017 3190 tes,
1062 3133 1096 3180 fi
1142 3141 1252 3200 quis
1289 3146 1448 3192 veniat
1492 3147 1543 3191 in
1584 3144 1888 3191 manifestum
1933 3144 2047 3191 dato
2078 3146 2123 3190 ὅ(
2150 3146 2308 3192 minus
2345 3144 2580 3203 habente,
2624 3158 2775 3209 quam
2812 3142 2890 3189 ha·

910 3197 1186 3257 periculum
1209 3207 1443 3265 pereundi
1473 3207 1522 3249 ὃ(
1545 3206 1747 3263 quidem
1789 3218 1889 3249 non
1940 3210 2051 3253 bere
2076 3205 2250 3252 debeo.

908 3258 996 3304 suo
1045 3273 1246 3318 peccato
1280 3295 1298 3320 ,
1356 3266 1496 3327 isque
1542 3265 1709 3313 servari
1745 3264 1889 3329 poffit
1994 3285 2012 3320 3
2050 3268 2139 3315 Res
2164 3265 2370 3330 perdita]
2443 3274 2505 3316 Ut
2544 3270 2678 3334 quod
2712 3282 2805 3332 ego
2839 3265 2898 3313 de

906 3330 1093 3379 arrepta
1119 3334 1203 3369 aut
1225 3337 1450 3384 corrupta
1478 3338 1529 3372 re
1555 3328 1708 3374 aliena
1728 3364 1744 3388 ,
1781 3340 1885 3374 tum
1931 3331 2124 3378 alterius
2160 3332 2300 3377 bonis
2330 3346 2592 3395 corrumpo
2610 3368 2623 3389 ,
2668 3330 2896 3396 procedat

909 3394 1116 3443 quoque
1163 3387 1320 3432 valere
1355 3388 1568 3435 strictum
1606 3392 1678 3448 jus
1717 3392 1885 3453 privati
1929 3407 2017 3455 pto
2043 3406 2138 3451 eo,
2176 3394 2312 3456 quod
2344 3394 2463 3442 mihi
2490 3395 2717 3456 debetur,
2752 3397 2798 3443 δε
2822 3393 2898 3442 de·

915 3443 1131 3490 dominii
1156 3444 1215 3492 ’δε
1239 3449 1405 3508 potius
1431 3450 1650 3498 abstineri
1681 3468 1730 3499 re
1774 3454 1882 3499 alie·
1929 3454 2137 3503 trahatur
2163 3453 2408 3520 possessori
2429 3493 2447 3519 ,
2538 3458 2632 3507 uasi
2679 3474 2771 3521 ego
2799 3471 2899 3523 pet·

915 3520 1009 3563 na,
1043 3519 1192 3567 quam
1224 3508 1486 3560 hominem
1512 3514 1771 3576 innoxium
1802 3512 1885 3561 ser·
1930 3520 2140 3581 ceperim
2192 3520 2240 3567 &
2298 3522 2381 3567 ille
2448 3524 2514 3569 mi
2557 3525 2571 3570 i
2626 3521 2898 3580 tradiderit,

910 3572 1036 3615 vari:
1059 3569 1135 3617 sed
1164 3570 1291 3619 hunc
1321 3573 1480 3622 casum
1510 3576 1742 3642 excepisse
1777 3591 1885 3639 prae·
1932 3595 2161 3644 tanquam
2203 3595 2391 3646 partem
2419 3585 2550 3647 ejus,
2600 3587 2735 3649 quod
2779 3579 2897 3633 mihi

911 3632 1167 3680 sumuntur
1220 3637 1268 3682 ὃς
1305 3637 1350 3682 ei
1390 3638 1586 3685 homini
1639 3639 1890 3702 regressum
1935 3643 2097 3693 debet.

917 3693 1095 3743 dedisse
1123 3696 1182 3744 ad
1208 3701 1484 3761 primaevam
1520 3701 1809 3751 facultatem
1843 3722 1891 3752 u·
2001 3725 2032 3764 4
2063 3708 2285 3755 Meritum
2322 3709 2540 3773 aliquod]
2615 3713 2813 3761 Facinus
2854 3713 2898 3760 in

919 3756 1142 3820 surpandi
1171 3761 1359 3824 quidvis
1396 3764 1453 3811 ad
1483 3760 1554 3811 sui
1578 3766 1875 3814 conservatio
1944 3786 2102 3818 meam
2135 3774 2317 3831 vitam,
2363 3771 2577 3836 famam,
2623 3775 2779 3831 bona,
2824 3787 2901 3822 aut

921 3834 1063 3868 nem:
1109 3822 1364 3885 praesertim
1410 3827 1478 3886 fi,
1523 3829 1610 3891 qui
1650 3832 1803 3880 aliena
1845 3847 1893 3878 re
1941 3847 2141 3897 eorum,
2175 3850 2302 3901 quos
2332 3840 2434 3887 mei
2462 3837 2615 3888 officii
2638 3840 2703 3889 est
2745 3838 2903 3887 defen·

928 3883 1173 3946 abutitur,
1216 3902 1426 3953 eamque
1461 3889 1734 3951 consumit,
1780 3894 1892 3940 sciat
1939 3897 2066 3949 dere.

926 3940 1202 3998 habendum
1228 3950 1315 4000 fibi
1361 3952 1636 4019 habeatque
1677 3957 1882 4020 propofi·
2744 4032 2834 4076 GR
2851 4035 2884 4076 0
