3182 5113
820 478 969 564 3¹0⁶
1424 464 1496 539 L
1544 466 1580 540 l
1630 464 1694 540 B
1736 467 1805 541 E
1854 471 1937 545 R
2033 471 2132 548 112·
2397 497 2833 567 §.xxv.xxvr.

812 591 955 663 saepe
980 586 1248 661 quasdam
1276 607 1365 650 res
1391 602 1449 652 87
1478 609 1598 651 non
1625 590 1934 654 iecundum
1969 595 2322 656 existentiam
2342 641 2357 668 ,
2399 595 2494 655 sed
2510 600 2823 670 secundum

806 667 1127 742 potentiam
1150 668 1435 728 moraliter
1459 670 1869 733 consideratam
1889 714 1903 739 ‚
1925 690 2047 748 quae
2073 675 2173 732 ubi
2204 675 2396 733 locum
2425 676 2600 733 habet
2619 716 2633 742 ‚
2652 684 2826 742 restri-

809 744 924 801 &io
952 741 1210 804 facienda
1231 762 1352 804 non
1386 747 1482 806 est.
1551 748 1644 807 Sic
1676 748 1716 805 fi
1744 759 1970 807 cautum
2002 750 2101 821 fit,
2147 769 2220 809 ne
2246 752 2530 810 exercitus
2565 766 2662 811 aut
2697 760 2822 816 clas-

808 819 878 876 fis
903 820 1093 893 alique)
1126 821 1361 883 ducatur
1380 868 1395 893 ,
1418 841 1538 882 non
1564 825 1779 899 poterit
1805 823 1968 897 duci,
1994 829 2164 886 etiam
2190 832 2378 889 animo
2402 845 2522 886 non
2555 835 2822 891 nocendi.

809 896 961 975 Quia
992 900 1048 953 in
1069 899 1330 972 paetione
1361 918 1480 958 non
1510 913 1727 960 certum
1752 901 2037 974 damnum,
2061 904 2154 961 sed
2183 906 2497 981 periculum
2523 910 2826 979 qualecun-

809 990 923 1047 que
959 971 1268 1048 spefftatum
1304 977 1401 1034 est.
1694 1007 1696 1009 ·
2819 1040 2822 1044 .

880 1066 930 1105 2.
976 1049 1214 1108 Solet&
1253 1054 1368 1112 hoc
1398 1053 1709 1128 disputari,
1752 1072 1824 1113 an
1852 1057 2115 1132 promissa
2142 1059 2199 1116 in
2237 1058 2288 1116 se
2314 1071 2370 1111 ⁸8
2410 1064 2657 1125 habeant
2695 1063 2829 1123 taci-

809 1137 925 1184 tam
962 1125 1389 1201 conditionem‚
1434 1131 1473 1187 fi
1509 1148 1595 1189 res
1628 1146 1893 1191 maneant
1918 1151 2038 1207 quo
2074 1136 2199 1193 sunt
2239 1137 2407 1197 loco:
2439 1140 2596 1215 quod
2621 1157 2829 1215 negan-

811 1201 947 1260 dum
973 1201 1083 1271 est,
1128 1206 1224 1262 nifi
1261 1207 1594 1281 apertiffime
1631 1221 1822 1282 pateat
1856 1211 2058 1268 statum
2095 1230 2278 1271 rerum
2311 1216 2639 1288 praesentem
2680 1217 2734 1273 in
2766 1233 2823 1272 u-

554 1289 787 1350 aPascal.
810 1280 933 1336 nica
959 1280 1052 1334 illa
1077 1298 1245 1354 quam
1276 1283 1520 1342 diximus
1551 1288 1774 1342 ratione
1806 1288 2079 1345 inclusum
2133 1289 2261 1347 ess'e.
2343 1294 2434 1352 Sic
2480 1293 2666 1369 passm]
2704 1309 2738 1339 a
2773 1293 2830 1347 in

527 1354 687 1419 legato.
713 1371 754 1405 c.
809 1356 1048 1412 historiis
1082 1358 1321 1432 legimus
1358 1373 1411 1413 89
1452 1362 1672 1435 legatos
1713 1381 1743 1419 a
1789 1363 2052 1438 suscepto
2093 1367 2293 1424 itinere
2327 1367 2559 1428 domum
2595 1368 2829 1427 rediisse

529 1432 610 1478 37·
812 1430 1025 1489 deserta
1058 1434 1379 1509 legatione,
1423 1437 1579 1511 quod
1611 1456 1699 1496 res
1734 1440 1812 1495 ita
1846 1455 2085 1500 mutatas
2128 1443 2547 1519 intelligerent,
2602 1458 2665 1504 ut
2708 1456 2848 1502 tota-

811 1507 1113 1582 legationis
1153 1515 1386 1571 materia
1417 1524 1515 1571 aut
1548 1514 1707 1571 causa
1747 1516 1998 1574 cessaret.

881 1585 1097 1642 XXVI.
1148 1605 1195 1644 1.
1217 1591 1621 1664 Repugnantia
1646 1589 1798 1648 casus
1823 1595 2163 1668 emergentis
2199 1613 2325 1653 cum
2361 1598 2658 1655 voluntate
2688 1595 2828 1653 solet

809 1660 865 1719 &
902 1660 1017 1735 ipsa
1040 1663 1110 1718 ab
1137 1668 1395 1724 oratoriae
1420 1667 1550 1721 artis
1583 1666 1852 1737 magistris
1885 1669 2077 1726 referri
2109 1670 2177 1726 ad
2203 1689 2329 1728 eum
2348 1711 2367 1739 ‚
2409 1690 2578 1746 quem
2608 1673 2723 1728 dixi
2749 1673 2830 1728 10-

811 1754 942 1795 cum
982 1737 1110 1802 me)
1145 1739 1267 1807 ρητὲ
1300 1743 1383 1807 ,φὶς
1421 1740 1672 1813 Quian.
1715 1740 1807 1797 Est
1835 1756 2040 1801 autem-
2063 1746 2308 1817 duplex:
2353 1767 2477 1804 nam
2510 1760 2606 1805 aut
2630 1749 2827 1806 volun-

812 1826 896 1870 tas
934 1812 1223 1886 colligitur
1254 1832 1315 1869 90
1348 1833 1422 1873 ex
1454 1816 1692 1872 naturali
1723 1816 1978 1888 ratione,
2016 1833 2215 1880 autex
2239 1822 2349 1877 alio
2383 1823 2540 1895 figno
2571 1825 2828 1880 volunta-

810 1891 902 1946 tis,
982 1888 1372 1959 Dijudicandae
1396 1892 1680 1949 voluntati
1705 1909 1778 1950 ex
1811 1896 2046 1952 naturali
2077 1897 2296 1951 ratione
2325 1897 2663 1956 Aristoteles
2689 1943 2701 1967 ,
2728 1899 2829 1971 qui

810 1967 958 2024 hanc
989 1976 1207 2039 partem
1239 1969 1641 2027 accuratiffime
1674 1971 1958 2040 natitavit,
2001 1973 2282 2043 propriam
2325 1975 2591 2032 virtutem
2633 1975 2829 2032 tribuit

809 2043 871 2098 in
895 2042 1185 2099 intellestu
1213 2043 1425 2110 γνῶμᾶυ
1445 2089 1460 2114 ,
1501 2043 1613 2101 five
1648 2045 2027 2112 εὖγνωρφσύνίω
2057 2091 2073 2116 ,
2117 2046 2173 2103 ld
2197 2046 2273 2103 est
2295 2092 2309 2117 ‚
2336 2051 2828 2125 eequsprudentt'am,

811 2117 872 2175 in
899 2117 1201 2177 voluntate
1233 2138 1372 2178 vero
1405 2120 1709 2184 ἐπιείκειαν,
1751 2120 1807 2176 id
1831 2121 1941 2191 est,
1975 2126 2305 2200 quitatem,
2344 2144 2510 2198 quam
2558 2126 2832 2200 sapienter

813 2192 1017 2252 definit
1041 2239 1058 2264 ‚
1100 2209 1157 2250 91
1194 2198 1607 2255 correttionem
1644 2198 1757 2265 ejus
1794 2195 1823 2243 f
1850 2199 1908 2254 in
1944 2217 2061 2273 quo
2091 2199 2184 2257 lex
2225 2199 2418 2259 deficit
2452 2206 2527 2261 ob
2554 2202 2832 2260 universa-

813 2271 1073 2328 litatem:
1120 2274 1278 2346 quod
1309 2274 1377 2330 ad
1413 2274 1747 2331 testamenta
1780 2292 2010 2348 quoque
2037 2275 2089 2333 ἃ
2113 2278 2269 2350 patta
2297 2276 2397 2335 suo
2426 2278 2603 2337 modo
2634 2278 2831 2336 referri

812 2346 1007 2405 debet.
1085 2348 1233 2407 Nam
1271 2351 1402 2423 quia
1437 2349 1589 2407 casus
1621 2365 1728 2406 nec
1766 2352 2060 2425 praevideri
2095 2370 2291 2410 omnes
2330 2355 2557 2429 possunt
2586 2372 2692 2412 nec
2731 2373 2826 2412 ex-

809 2423 1015 2498 primI,
1059 2422 1192 2483 ideo
1215 2427 1479 2483 libertate
1521 2424 1760 2498 quadam
1801 2444 1945 2500 opus
1985 2429 2063 2486 est
2104 2431 2389 2488 eximendi
2438 2432 2625 2500 casus,
2684 2449 2827 2503 quos

816 2499 915 2573 qui
950 2500 1178 2560 locutus
1218 2502 1297 2558 est
1327 2502 1367 2558 fi
1398 2501 1608 2558 adesset
1639 2501 1943 2562 eximeret:
1999 2523 2116 2563 non
2163 2519 2349 2564 tamen
2382 2525 2442 2563 92
2483 2520 2728 2571 temere3
2770 2506 2829 2560 id

816 2576 969 2630 enim
1002 2575 1137 2633 effet
1169 2593 1224 2631 93
1254 2578 1547 2636 dominum
1571 2576 1625 2636 se
1656 2577 1840 2637 facere
1866 2583 2015 2639 attus
2047 2582 2252 2649 alieni;
2293 2582 2387 2641 sed
2418 2601 2489 2642 ex
2517 2580 2827 2641 sufficienti-

815 2652 920 2709 bus
952 2650 1192 2712 indiciis.
1305 2671 1307 2673 ’

1227 2735 1236 2744 ‘
2599 2742 2650 2782 2.
2690 2726 2820 2783 Cer-

1120 2872 1166 2918 G
1197 2880 1235 2918 R
1276 2880 1311 2920 0
1343 2881 1381 2918 'r
1414 2882 1437 2920 1
1468 2882 1508 2920 1.
1851 2871 1996 2933 bere,
2034 2885 2185 2934 quam
2217 2870 2249 2916 fi
2283 2870 2373 2914 &e-

1915 2949 1970 2984 89
2005 2936 2192 2991 Legatos
2218 2932 2495 2992 asuscepto]
2545 2931 2601 2972 Ut
2623 2925 2765 2973 Titus
2801 2939 2826 2971 a

879 2991 909 3040 f
933 2996 986 3041 In
1018 3010 1097 3058 quo
1126 2997 1199 3044 lex
1226 2995 1371 3057 deficit
1400 2996 1447 3044 ob
1480 2996 1805 3054 universalita-
1826 3036 1828 3049 ἱ
1853 3007 1986 3057 patre
2017 2988 2180 3040 missus
2209 2993 2266 3040 ad
2293 2987 2626 3055 gratulandum
2646 2988 2831 3047 Galba,

818 3063 933 3114 um]
967 3058 1132 3106 Seneca
1165 3076 1252 3121 ιν,
1287 3058 1611 3109 controverfia
1642 3073 1716 3112 27·
1755 3057 1831 3117 1⁷²2
1895 3057 1943 3102 ui
1992 3052 2173 3101 occisus
2217 3055 2410 3101 interim
2449 3063 2581 3121 erat,
2626 3048 2827 3098 Othone

817 3121 936 3182 lege,
971 3124 1274 3185 inquis‚nihil
1304 3128 1554 3186 excipiiur,
1578 3117 1663 3174 sed
1693 3116 1805 3161 mul·
1880 3114 2130 3165 ncceffore.
2166 3118 2317 3162 Tacit.
2354 3130 2412 3174 2,
2448 3112 2551 3186 hist.
2587 3130 2624 3160 1.

814 3197 869 3229 m
896 3190 1100 3244 quamvis
1121 3203 1203 3230 non
1228 3190 1516 3246 excipiantur
1548 3180 1809 3241 intelligam
1914 3195 1974 3231 90
2021 3179 2095 3223 Ex
2137 3178 2339 3224 naturali
2398 3182 2600 3232 ratione]
2676 3179 2826 3242 Qod

820 3257 924 3292 nr.-
970 3241 1027 3293 ὃν
1057 3248 1276 3311 scriptum
1318 3247 1424 3308 legis
1455 3242 1686 3305 angustum
1718 3240 1802 3297 est,
1857 3242 2013 3287 homo
2049 3237 2187 3287 sanus
2237 3243 2283 3287 &
2322 3239 2408 3287 suae
2452 3240 2637 3298 spontis
2682 3242 2727 3289 id
2763 3245 2827 3289 ita

822 3309 1127 3373 interpretatio
1158 3310 1333 3372 diffusa.
1365 3306 1560 3371 quaedam
1585 3319 1685 3349 vero
1714 3315 1806 3346 tam
1827 3322 1831 3353 ι
1855 3302 1948 3350 effe
1977 3304 2051 3349 vel
2079 3318 2141 3349 eo
2167 3304 2270 3351 casu
2299 3301 2502 3351 voluisse
2528 3319 2626 3350 non
2651 3307 2831 3359 potuit.

824 3370 1069 3432 manifesta
1095 3372 1205 3431 sunt
1244 3384 1293 3418 ut
1342 3371 1519 3416 nullam
1563 3368 1807 3413 cautionem
1921 3382 1973 3419 91
2017 3366 2364 3422 Correft'ionem]
2416 3370 2769 3428 Exceptionem
2805 3384 2829 3415 a

826 3431 1079 3496 ὀιβᾶενεητ.
1857 3430 1963 3492 lege
1986 3465 2000 3489 ,
2036 3430 2173 3493 quod
2212 3446 2325 3478 cum
2351 3428 2492 3494 poffit
2523 3430 2690 3494 aliquo
2723 3446 2829 3477 mo-

851 3516 856 3526 ·
1598 3546 1601 3550 ¹
1858 3494 1923 3539 do
1962 3491 2045 3539 sub
2084 3508 2191 3539 eam
2236 3493 2361 3541 trahi
2387 3531 2403 3556 ,
2450 3507 2611 3541 revera
2668 3506 2829 3540 tamen

1055 3562 1103 3608 G
1135 3568 1169 3606 u
1207 3568 1243 3605 ο
1276 3568 1317 3604 Ν
1349 3567 1385 3605 0
1425 3568 1454 3605 v
1494 3571 1512 3602 1
1555 3569 1598 3603 1.
1856 3556 2111 3603 definitum
2144 3571 2244 3603 non
2271 3556 2337 3603 est
2360 3592 2377 3617 ‚
2410 3557 2520 3619 quia
2551 3553 2833 3601 universalia

1854 3633 2075 3674 tantum,
2121 3634 2221 3667 non
2249 3623 2400 3668 etiam
2442 3617 2692 3681 singularia
2729 3633 2830 3683 per·

895 3701 952 3748 87
989 3681 1341 3745 Nonfi’cundum
1364 3682 1668 3742 exssentianae]
1684 3684 1803 3729 Non
1854 3681 2089 3747 sequitur.
2721 3746 2730 3754 α

828 3765 832 3767 ’
869 3768 935 3801 uae
960 3754 1057 3813 jam
1088 3764 1215 3796 nunc
1248 3748 1341 3797 fint
1375 3750 1423 3796 &
1461 3745 1800 3810 respiciantur,
1920 3763 1977 3799 92
2016 3750 2213 3804 Temere]
2266 3750 2334 3795 Ex
2365 3744 2496 3793 nulla
2529 3744 2604 3791 vel
2639 3744 2733 3791 levi
2762 3759 2826 3791 ra-

855 3816 910 3859 ed
937 3829 991 3863 ex
1032 3812 1210 3880 quibus
1246 3811 1444 3862 existere
1482 3807 1630 3878 poffit
1663 3810 1800 3872 quod
1828 3854 1832 3861 ,
1860 3812 2011 3858 tione.
2720 3871 2728 3880 ι
2783 3869 2791 3879 .

832 3873 1094 3937 Respicitur.
1157 3918 1170 3930 a
1915 3890 1967 3928 93
1991 3874 2234 3920 Dominum
2251 3875 2293 3925 [ἓ
2310 3873 2482 3940 fatere]
2516 3875 2605 3918 Pro
2635 3868 2826 3917 arbitrio

901 3948 957 3986 88
1002 3942 1207 3988 Habeant
1246 3942 1432 3988 tacitam
1483 3934 1802 3991 conditionem]
1853 3950 2040 3986 mutare
2077 3932 2698 4005 atqueinterpolare‚qnod
2728 3947 2825 3979 non

834 4001 1172 4067 intelligamur
1196 4019 1297 4054 non
1324 4004 1464 4054 aliter
1490 4001 1689 4068 impleri
1717 4000 1799 4049 de·
1851 4001 1917 4052 est
1940 3999 2115 4065 nostri,
2150 4000 2226 4059 sed
2258 4001 2403 4059 alieni
2432 3997 2631 4052 arbitrii,
2666 4063 2806 4110 Gne
