3182 5113
177 4290 193 4333 x!

1519 573 2157 649 INDEX.

698 691 896 742 Hostem
922 683 1126 749 spoliare
1154 695 1216 730 an
1252 682 1417 733 liceat.
1451 683 1551 729 vide
1594 680 1817 742 spoliare.

765 777 787 811 3
810 790 823 812 ,
865 773 920 811 ς,
952 766 991 800 x.
1027 763 1097 796 res
1123 748 1182 795 ad
1219 747 1417 797 Hostem
1447 745 1593 795 miffae
1622 746 1819 806 quando

757 825 812 872 ὃς
831 829 1065 883 quatenus
1087 813 1304 877 intercipi.
1329 809 1522 876 poffint.
1550 830 1570 867 3
1593 845 1607 868 ,
1627 825 1645 857 1
1667 842 1683 866 ,
1703 828 1760 924 8ςὲ
1781 826 1822 859 x.

1795 892 1814 930 3

695 949 871 1010 Hostes
897 940 1169 1001 sepeliendi.
1309 958 1369 998 2,
1405 955 1494 994 19,
1533 953 1555 993 3
1582 971 1597 993 ,
1629 953 1668 989 x.
1705 943 1755 990 ἃ
1795 958 1821 988 2

700 1010 829 1083 'apud
855 1012 1023 1062 Hostes
1051 1008 1144 1058 effe
1171 1003 1362 1071 poffunt
1403 1004 1487 1067 qui
1522 1019 1624 1052 non
1665 1005 1827 1057 hostili

765 1080 860 1129 fint
893 1079 1079 1127 animo,
1314 1090 1371 1130 3,
1412 1086 1498 1125 11,
1540 1075 1824 1124 3‚1.&2

702 1143 1007 1207 Hostesqui.
1150 1137 1825 1196 3‚3‚1‚1.&2‚15,5,2

699 1210 873 1264 Hostes
919 1209 1023 1255 sunt
1058 1208 1105 1255 δε
1154 1205 1237 1266 qui
1279 1217 1364 1264 pro
1409 1211 1543 1262 parte
1585 1196 1823 1249 summum

760 1275 1017 1339 imperium
1051 1267 1247 1327 habent.
1369 1330 1380 1339 ·
1576 1329 1585 1337 ·
1612 1279 1632 1317 3
1655 1300 1668 1321 ‚
1707 1282 1726 1318 3
1748 1298 1762 1320 ²
1798 1285 1828 1324 4

703 1341 877 1390 Hostes
907 1339 1029 1388 fiunt
1068 1335 1213 1383 etiam
1254 1330 1338 1394 qui
1368 1329 1662 1392 maequahter
1692 1329 1820 1377 fede-

770 1408 863 1454 rati
899 1406 1020 1453 lunt.
1723 1399 1820 1443 ibid.

702 1471 924 1520 Hostium
952 1460 1140 1517 subditi,
1161 1459 1333 1509 hostes.
1372 1474 1391 1512 3
1413 1493 1426 1507 ,
1446 1476 1466 1512 3
1489 1492 1502 1513 ‚
1530 1476 1572 1512 9.
1593 1461 1641 1507 ὅ(
1667 1475 1685 1512 3
1707 1493 1721 1515 ‚
1737 1480 1786 1518 4,
1801 1467 1829 1507 6

652 1535 670 1543 ‘
703 1534 923 1587 Hostium
969 1526 1140 1580 subditi
1170 1523 1342 1588 ubique
1377 1520 1685 1586 offenduntur
1733 1527 1832 1582 iure

766 1599 900 1652 belli.
1518 1603 1541 1643 3
1562 1624 1577 1646 2
1606 1609 1665 1648 4»
1703 1600 1765 1648 ὃ,
1804 1607 1824 1640 1

1263 1725 1303 1781 1.

711 1849 975 1987 IAcobus
1016 1848 1288 1899 Patriarcha
1333 1846 1502 1909 probat
1550 1850 1621 1909 jus
1672 1848 1834 1910 acqui·

833 1918 966 1967 rendi
997 1915 1148 1965 bello,
1515 1930 1535 1967 3
1562 1950 1577 1966 ,
1615 1922 1672 1969 6,
1712 1930 1730 1961 1
1753 1948 1769 1970 ,
1808 1929 1828 1961 1

707 1983 920 2049 jacobus
954 1982 1092 2030 fedus
1123 1981 1213 2029 init
1259 1994 1368 2027 cum
1416 1978 1696 2028 Idololatta.
1764 1996 1792 2027 2
1818 2013 1833 2036 ,

709 2111 881 2181 Jacobi
915 2112 1005 2160 filii
1036 2125 1095 2159 ex
1130 2108 1318 2158 ancillis
1359 2105 1420 2157 ab
1465 2103 1567 2169 ipso
1615 2057 1838 2169 adgpt’atsi

770 2180 819 2226 in
853 2179 924 2237 jus
956 2175 1248 2225 succedendi.
1517 2188 1540 2225 3
1561 2205 1574 2226 2
1613 2188 1638 2226 7
1658 2206 1673 2228 2
1711 2182 1733 2217 8
1757 2206 1773 2229 ‚
1809 2190 1835 2220 2

709 2245 848 2299 Idem
899 2242 1074 2290 morali
1108 2237 1420 2288 aestimatione
1465 2235 1678 2296 censetur
1727 2250 1833 2284 tan-

1944 678 2090 727 bitare
2139 692 2221 729 aut
2265 681 2358 732 Dei
2401 680 2622 747 Spiritum
2652 716 2668 740 ‚
2721 699 2800 735 aut
2845 688 2988 751 bonos

1944 748 2178 807 ange103‚
2207 760 2286 794 aut
2314 750 2412 797 vim
2446 748 2690 797 astrorum.
2776 770 2795 806 3
2818 786 2832 809 ‚
2868 777 2921 814 5,
2954 782 2977 812 2

1882 809 2241 859 Immemoriale
2279 826 2485 876 tempus,
2529 818 2626 862 vide
2665 819 2863 879 Tempus
2899 825 2981 871 im-

1946 876 2244 924 memoriale.
2767 897 2825 938 2,
2861 905 2917 943 4,
2952 906 2974 944 7

1881 937 2163 1012 Immunitas
2198 956 2352 992 rerum
2394 944 2456 992 ad
2493 943 2826 1007 agriculturam
2852 955 2980 1010 perti-

1947 1019 2180 1054 nentium.
2655 1028 2675 1065 3
2710 1043 2724 1066 ,
2763 1025 2812 1063 13
2835 1046 2848 1068 ,
2874 1036 2925 1071 4,
2955 1038 2980 1080 4

1883 1070 2205 1119 Immunitatis
2237 1071 2477 1122 conceffio
2505 1073 2671 1138 quibus
2701 1072 2879 1123 cafibus
2910 1080 2979 1125 de-

1946 1133 2096 1192 fluat,
2718 1156 2743 1186 2
2762 1176 2776 1194 ,
2816 1152 2869 1187 16
2886 1177 2898 1197 ‚
2927 1162 2976 1199 27

1885 1198 2155 1259 Impediens
2206 1201 2419 1265 aliquem
2467 1215 2496 1249 a
2551 1204 2762 1265 petendo
2807 1218 2981 1256 munere

1948 1267 2146 1325 quando
2179 1276 2411 1316 teneatur.
2745 1286 2772 1316 2
2791 1302 2804 1324 ,
2845 1285 2895 1326 ¹7
2919 1307 2931 1327 ,
2960 1292 2975 1327 3

1886 1327 2169 1388 Impendens
2201 1333 2250 1378 in
2294 1348 2396 1380 rem
2443 1331 2652 1385 alienam
2686 1346 2871 1395 receptu
2901 1339 2978 1383 dif-

1945 1393 2125 1442 ficilem
2154 1394 2366 1457 sumptus
2400 1398 2564 1445 fervat.
2757 1416 2813 1452 2,
2852 1414 2929 1456 ιο,
2959 1420 2977 1454 9

1888 1458 2215 1521 Impensorum
2268 1461 2381 1507 loco
2429 1463 2543 1521 juste
2596 1461 2855 1510 retinentur
2899 1481 2980 1528 φιτ

1956 1526 2156 1571 durante
2188 1523 2321 1572 bello
2347 1542 2399 1573 ca
2435 1540 2486 1574 ta
2518 1528 2618 1573 sunt
2654 1524 2712 1573 ab
2738 1528 2793 1575 iis
2829 1526 2902 1590 qui
2926 1533 2979 1588 ju-

1951 1588 2074 1637 stum
2105 1588 2286 1637 bellum
2320 1543 2572 1654 gessEexunt.
2756 1610 2777 1646 3
2801 1626 2814 1648 ‚
2856 1607 2930 1649 13,
2960 1613 2975 1649 3

1890 1653 2128 1715 Imperare
2158 1670 2258 1701 non
2309 1657 2489 1719 lemper
2533 1653 2736 1710 involvit
2783 1654 2979 1709 subditos,

1951 1734 2006 1773 1,
2046 1734 2065 1770 3
2096 1749 2111 1772 2
2159 1736 2240 1769 21.
2273 1719 2541 1780 imperandi
2589 1722 2656 1778 jus
2689 1735 2789 1767 non
2824 1720 2979 1779 semper

1953 1780 2250 1831 subditorum
2272 1784 2466 1839 arbitrio
2494 1785 2788 1848 relinquitur.
2822 1801 2841 1831 1
2865 1821 2877 1843 ‚
2897 1803 2914 1840 3
2934 1798 2976 1844 ,8

1948 1846 2214 1908 imperandi
2270 1851 2320 1898 δι
2386 1850 2582 1911 parendi
2637 1849 2759 1899 dido
2817 1850 2979 1907 inservit

1946 1910 2108 1959 nostro
2143 1910 2274 1961 bono
2318 1914 2466 1961 etiarn
2510 1928 2614 1962 tum
2654 1928 2762 1968 eum
2804 1918 2983 1977 patimur

1946 1976 2138 2035 injurias
2186 1977 2246 2026 ab
2268 1979 2552 2039 imperante.
2591 1994 2612 2026 x
2632 2012 2648 2036 ,
2684 2000 2744 2038 4,
2777 1997 2825 2037 4.
2855 1981 2983 2041 lmpe-

1954 2053 2113 2088 rantes
2148 2042 2196 2089 in
2231 2044 2493 2103 universum
2543 2045 2761 2091 ceniendi
2793 2058 2979 2105 quaerexe

1953 2107 2355 2168 tranquillitatem
2402 2107 2641 2171 publicam
2671 2144 2687 2167 ,
2765 2110 2813 2156 ὃ(
2863 2123 2985 2171 quate

1955 2174 2056 2221 ibici.
2091 2186 2154 2217 an
2182 2174 2298 2220 utile
2326 2171 2439 2220 effet
2459 2208 2474 2229 ‚
2505 2187 2554 2222 ut
2593 2189 2712 2221 unus
2733 2174 2901 2234 aliquis
2925 2188 2986 2220 to·

1950 2237 1990 2282 ti
2026 2236 2209 2283 mundo
2240 2240 2507 2298 imperaret.
2718 2255 2778 2293 2,
2817 2255 2904 2293 22,
2940 2253 2982 2290 13

770 2308 989 2356 tandem.
1623 2316 1683 2356 2,
1720 2317 1746 2354 7
1769 2337 1781 2355 ,
1806 2319 1833 2350 2
1886 2297 2153 2362 Imperator
2179 2306 2433 2352 Romanus
2466 2318 2528 2350 an
2560 2304 2609 2349 in
2642 2317 2695 2350 ea
2722 2304 2884 2349 omnia
2928 2303 2989 2359 jus

711 2374 846 2425 Idem
881 2370 1084 2435 populus
1114 2366 1328 2428 censetur
1356 2366 1503 2424 etiam
1526 2363 1632 2427 post
1653 2367 1837 2414 multos

774 2453 945 2487 annos.
983 2439 1080 2482 vzde
1103 2435 1328 2495 Populus,

709 2504 855 2557 Idola
880 2501 1088 2551 hostium
1117 2511 1324 2545 evertere
1353 2508 1435 2542 aut
1468 2492 1651 2541 diruere
1676 2510 1737 2543 an
1771 2496 1835 2545 li-

782 2581 889 2617 ceat
917 2569 975 2616 iis
1007 2565 1089 2628 qui
1123 2564 1294 2610 eadem
1329 2562 1565 2623 religione
1612 2572 1834 2610 tenentur

1655 2639 1832 2681 3›5’2

711 2697 969 2750 Idolomm
1001 2695 1203 2742 cultores
1239 2706 1299 2739 an
1328 2689 1426 2736 hoc
1459 2687 1661 2737 nomine
1705 2689 1839 2737 bello

782 2763 961 2825 poffint
989 2758 1274 2820 impugnari.
1295 2773 1350 2810 2,
1386 2755 1667 2816 20,47.qui
1686 2755 1839 2817 puniri

1956 2380 2081 2412 nunc
2108 2363 2279 2413 habeat
2305 2381 2407 2430 quae
2432 2366 2680 2429 quondam
2701 2365 2829 2413 fuere
2857 2380 2990 2429 popu-

1949 2429 1987 2480 li
2011 2431 2240 2480 Romani.
2256 2448 2285 2480 2
2304 2467 2320 2489 ‚
2350 2449 2410 2481 22
2428 2466 2443 2488 ‚
2463 2448 2480 2479 1
2496 2449 2537 2486 3.
2554 2431 2743 2479 Eleffio
2757 2434 2854 2489 ejus
2875 2430 2990 2478 faeta

1956 2510 1983 2542 a
2012 2494 2277 2557 legionibus
2304 2511 2367 2544 an
2395 2511 2474 2557 per
2501 2495 2545 2543 se
2575 2509 2674 2543 rata
2702 2494 2854 2543 fuerit.
2884 2512 2993 2548 2,9,

1961 2576 1981 2607 1
1998 2574 2037 2609 1.
2055 2560 2270 2623 princeps
2288 2562 2463 2609 federis
2490 2562 2667 2609 eleRus
2697 2573 2857 2606 contra
2885 2563 2994 2605 Tm·⁸

1952 2638 2077 2672 cam.
2115 2641 2173 2679 2,
2214 2640 2263 2681 15
2287 2659 2301 2681 ,
2340 2642 2413 2674 12.
2445 2625 2757 2687 Imperatores
2794 2623 2994 2671 Romani

1960 2705 2039 2737 cur
2069 2688 2403 2752 episcoporum
2442 2689 2644 2737 confilio
2670 2687 2734 2735 ufi
2775 2686 2880 2735 finr.
2951 2704 2995 2740 2,

2851 2766 2906 2801 23
2929 2784 2941 2804 2
2971 2770 2992 2806 4

773 2826 972 2891 poffint.
1008 2829 1103 2871 ibid.
1134 2833 1303 2868 natura
1336 2821 1445 2869 vani
1469 2817 1589 2874 effe,
1609 2834 1706 2882 quo
1737 2821 1837 2868 len·
1894 2819 2160 2889 Imperator
2191 2820 2446 2872 Romanus
2472 2833 2534 2867 an
2559 2816 2806 2879 imperium
2830 2812 2990 2860 habear

776 2891 825 2940 su
857 2893 1090 2939 dicamur.
1561 2903 1587 2934 2
1607 2920 1620 2941 ,
1658 2900 1713 2931 12
1734 2920 1747 2941 ,
1774 2894 1836 2933 26

1954 2897 2004 2927 ln
2033 2897 2220 2930 omne-52
2717 2894 2774 2933 2,
2811 2892 2905 2932 22,
2944 2894 2984 2930 13

706 2957 1010 3007 idololarxos
1050 2968 1172 3017 quos
1210 2963 1369 3000 morte
1413 2947 1576 3011 puniat
1627 2951 1706 2997 lex
1742 2956 1836 2999 He·
1893 2944 2159 3006 Imperator
2204 2951 2449 2994 Romanus
2480 2960 2573 3006 qua
2606 2941 2745 2996 taHS,
2779 2942 2904 2989 unde
2934 2943 2990 2997 jus

774 3023 914 3070 braea.
1366 3029 1839 3073 2‚20‚47‚2‚4

709 3084 1009 3136 Idololatria:
1039 3081 1277 3148 species&
1305 3080 1490 3143 gradus.
1526 3095 1554 3126 2
1573 3113 1586 3135 ,
1616 3094 1778 3135 2029,
1811 3096 1831 3132 5

711 3152 836 3216 Jchu
862 3152 1046 3199 faustum
1081 3149 1238 3210 quale.

710 3213 935 3282 Jephthis
977 3207 1299 3262 controv-exsta
1355 3223 1464 3257 cum
1519 3206 1835 3257 Ammonitis.

1522 3289 1581 3328 2,
1615 3292 1674 3332 4³
1706 3286 1735 3318 2
1755 3305 1770 3326 π
1810 3287 1829 3318 Ῑ

1961 3010 2089 3057 lirum
2133 3006 2339 3068 habeat,
2388 3011 2623 3063 Vicariurn
2657 3005 2701 3052 ei
2746 3007 2849 3064 quis
2892 3007 2989 3053 dare

1952 3072 2111 3137 poffit.
2663 3083 2987 3128 2‚9,11‚4

1503 3159 1557 3200 1,
1591 3165 1652 3201 4,
1690 3158 1775 3197 19,
1808 3162 1838 3200 4
1890 3139 2008 3202 Imp.
2058 3137 2325 3186 Germaniae
2357 3148 2463 3208 ⁸qua
2507 3134 2618 3181 talis
2648 3170 2663 3191 ,
2719 3134 2859 3183 unde.
2903 3141 2985 3180 vide

1949 3203 2204 3267 Imperium
2232 3200 2409 3261 acquiri
2454 3212 2686 3262 quatenus
2729 3195 2888 3261 poffit.
2931 3217 2983 3254 3,

2850 3278 2900 3319 ις
2918 3297 2931 3318 ,
2961 3278 2976 3307 1

713 3341 961 3406 Ignoscere
989 3357 1049 3388 an
1077 3340 1218 3387 liceat
1243 3337 1500 3386 interdum.
1540 3354 1602 3391 2,
1633 3353 1721 3391 20,
1754 3352 1829 3387 21.
1884 3332 2138 3395 Imperium
2180 3333 2228 3379 in
2277 3329 2429 3378 vistos
2474 3328 2619 3389 accipi
2664 3327 2786 3376 reste
2832 3327 2888 3374 ad
2932 3327 2985 3375 (ui

774 3423 836 3455 an
863 3408 1004 3454 liceat
1034 3403 1187 3465 posita
1213 3405 1322 3464 lege
1355 3399 1554 3463 poenali.
1591 3416 1647 3455 2,
1665 3416 1753 3454 20,
1773 3417 1833 3461 24

1948 3400 2167 3444 tutelam.
2667 3410 2722 3448 3,
2757 3408 2842 3446 ις,
2872 3409 2892 3441 2
2916 3425 2929 3445 ,
2964 3407 2979 3435 1

713 3472 996 3537 ignorantia
1020 3483 1124 3531 quae
1153 3467 1379 3515 delictum
1409 3466 1608 3514 minuat.
1646 3482 1706 3520 2,
1740 3481 1833 3523 20,
1884 3461 2137 3524 Imperium
2177 3455 2309 3530 bello
2353 3458 2617 3520 acquiritur‘
2783 3465 2924 3527 348,
2964 3468 2979 3500 1

1382 3546 1463 3585 4³·
1501 3531 1551 3578 δε
1590 3546 1649 3583 2,
1682 3538 1772 3584 26,
1810 3544 1828 3578 1
1884 3526 2139 3586 Imperium
2175 3536 2225 3569 ut
2258 3537 2307 3568 m
2352 3538 2461 3587 rege
2501 3524 2767 3585 imperante
2797 3521 2892 3567 alm
2925 3516 2981 3564 est

710 3601 886 3651 lnicita
923 3595 1180 3646 eximenda
1211 3594 1460 3645 verborum
1504 3591 1828 3641 universalita-

1947 3589 2077 3636 bello
2112 3585 2377 3649 acquiritur,
2600 3605 2618 3641 3
2640 3620 2655 3643 ,
2694 3595 2750 3640 8,
2786 3604 2845 3642 4,
2878 3599 2927 3637 1,
2961 3598 2981 3628 z

780 3680 843 3714 te.
1449 3675 1508 3715 2,
1544 3667 1632 3714 τε,
1669 3674 1728 3713 27
1750 3693 1765 3714 ,
1809 3673 1825 3704 1
1879 3653 2134 3715 lmperium
2165 3652 2367 3701 alienari
2407 3649 2562 3713 potest
2585 3667 2612 3699 a
2638 3666 2748 3714 rege
2775 3645 2984 3696 consensu

712 3730 887 3780 illicita
916 3743 1014 3775 non
1047 3722 1284 3788 obligant.
1318 3742 1343 3772 2
1361 3759 1373 3778 ‚
1396 3734 1452 3772 16
1469 3757 1483 3780 ‚
1503 3732 1577 3771 26.
1610 3723 1832 3773 illicitum

1951 3718 2133 3780 populi.
2777 3733 2802 3762 2
2820 3746 2834 3769 ‚
2871 3725 2895 3760 ⁶
2919 3745 2931 3767 2
2962 3727 2979 3764 3

777 3794 958 3844 factum
984 3805 1085 3840 non
1124 3791 1307 3851 lempex
1339 3802 1469 3838 caret
1501 3786 1672 3837 effeecu
1706 3789 1833 3847 juris,
1884 3783 2138 3843 Imperium
2189 3785 2469 3830 Romanum
2501 3779 2775 3829 distinaum
2808 3774 2864 3824 ab
2901 3778 2986 3822 lm·

709 3921 878 3975 Illiciti
898 3919 1017 3970 faeci
1044 3917 1291 3981 promiffio
1323 3935 1423 3967 non
1452 3869 1702 3976 valet2‚'&1
1712 3867 1835 3981 <13:12³

777 4004 848 4038 re.
873 4001 931 4043 2,
950 4001 968 4033 ι
984 3999 1002 4032 1
1025 4018 1039 4040 ,
1062 3994 1101 4032 8.
1131 3987 1278 4033 etiam
1297 3986 1465 4042 iurata.
1484 4001 1509 4033 2
1527 4021 1540 4042 ‚
1567 4001 1584 4031 1
1599 4003 1619 4040 3
1642 4018 1655 4041 ,
1674 3995 1718 4033 6.
1738 3997 1837 4030 ver·

1944 3849 2074 3912 petio
2103 3853 2388 3896 Francorum
2404 3881 2418 3904 ,
2453 3849 2502 3896 δε
2534 3861 2683 3907 tegno
2717 3839 2985 3905 Longo-bat-

1948 3913 2136 3963 dorum.
2155 3926 2183 3959 2
2197 3945 2212 3971 ,
2228 3928 2256 3966 9
2271 3945 2287 3967 ‚
2302 3926 2320 3958 1
2334 3927 2352 3960 1
2373 3947 2388 3970 ,
2411 3930 2451 3967 3.
2471 3927 2497 3957 a
2518 3910 2782 3958 Germania
2803 3917 2988 3967 magua.

2668 3993 2694 4023 2
2713 4010 2728 4032 ,
2762 3991 2789 4028 9
2805 4006 2818 4027 ‚
2856 3985 2901 4016 11
2918 4002 2932 4023 ‚
2966 3981 2984 4013 1

775 4051 840 4101 ba
874 4065 978 4114 quae
1011 4050 1167 4096 illiciti
1204 4049 1318 4109 quid
1365 4051 1649 4107 continent,
1711 4063 1832 4114 quo·
1892 4040 2146 4106 Imperium
2201 4045 2251 4092 δε
2277 4038 2611 4100 :maiestatem
2681 4037 2945 4088 conservare
2969 4064 2985 4085 ‚

773 4117 931 4165 modo
960 4114 1332 4176 interpretanda.
1556 4133 1615 4173 2,
1656 4123 1740 4172 16,
1775 4123 1835 4161 26

1947 4107 2097 4173 quld?
2671 4121 2729 4162 1,
2767 4111 2986 4156 3,21,2

716 4176 1243 4247 lllyriipraedariioliti,
1262 4177 1551 4238 triumphati.
1575 4197 1596 4235 3
1620 4214 1633 4235 ‚
1657 4197 1676 4234 3
1698 4214 1712 4237 ,
1731 4198 1755 4227 2
1774 4213 1788 4234 ‚
1809 4195 1828 4233 3
1885 4175 2140 4237 Imperium
2167 4170 2421 4236 acquiritur
2453 4186 2553 4220 non
2591 4169 2676 4219 nisi
2715 4184 2770 4217 ex
2796 4158 2987 4218 consen·

705 4250 759 4298 in
796 4242 1091 4310 Imaginibus
1135 4241 1322 4309 genties
1355 4241 1703 4297 albitrabantur
1732 4244 1831 4313 *ha-

1939 4238 1991 4291 su
2014 4253 2164 4294 autcx
2180 4254 2348 4307 poena.
2367 4253 2427 4301 ι,
2456 4252 2550 4299 2²,
2576 4253 2655 4297 23·
2674 4239 2721 4292 ἃ
2737 4235 2833 4297 jure
2856 4237 2988 4343 affl}
