3182 5113
309 466 1126 563 §.xxrxxrnxxirrxxtw
1178 471 1248 545 C
1300 469 1366 543 A
1417 465 1478 542 P
1530 468 1607 543 U
1659 466 1734 541 T
1830 462 1925 540 114
2184 461 2332 560 '227

309 605 513 658 nitimis
541 604 865 677 externisque
900 601 1023 657 dari
1049 601 1201 673 solet.
1282 597 1431 673 ‘Jure
1460 599 1577 653 belli
1608 593 1805 674 injuste
1840 606 2068 668 negatas
2098 595 2315 670 nuptias
2544 655 2569 666 ..

289 676 431 753 juste
464 680 628 736 vifbor
656 675 927 750 auferret,
973 673 1296 750 Augustino
1330 687 1362 716 a
1394 674 1602 740 judice.
2333 655 2485 768 [3²2⁶
2501 653 2637 700 Cw..

378 772 427 811 2.
470 759 652 829 Leges
695 766 883 812 autem
914 752 1111 811 civiles
1147 752 1467 822 aliquorum
1505 749 1846 821 populorum
1879 794 1893 820 ,
1940 767 2062 822 quae
2100 763 2354 832 connu-C
2389 737 2424 830 ζ’
2455 753 2476 829 ι’
2503 730 2574 765 ¹¹⁰

300 829 390 885 bia
430 833 638 888 exteris
673 841 914 906 negant,
959 840 1054 885 aut
1087 846 1154 884 ea
1191 825 1414 885 ratione
1463 827 1721 879 nituntur
1767 867 1780 893 ‚
1839 825 1997 898 quod
2046 824 2317 901 tempori·>
2361 821 2373 834 ”
2423 799 2447 843 7

299 906 439 972 bus,
463 908 663 978 quibus
682 905 808 998 sunt
846 906 1123 974 conditae,
1168 901 1308 961 nulli
1350 912 1508 957 erant
1540 899 1780 973 populi,
1845 903 2044 973 quibus
2082 918 2201 957 non
2244 899 2324 956 fe*-

301 984 573 1038 minarum
637 984 803 1055 copia
855 983 1179 1055 suppeteret
1216 1024 1229 1049 ,
1275 989 1372 1052 aut
1424 993 1542 1033 non
1577 975 1648 1031 de
1684 977 1977 1049 quibusvis
2019 977 2329 1034 connubiis

299 1070 507 1128 agunt,
552 1053 645 1114 sed
685 1057 753 1113 de
786 1059 884 1125 iis,
935 1069 956 1105 8
996 1074 1116 1129 quae
1164 1056 1304 1127 justa
1339 1053 1466 1112 sunt
1492 1098 1524 1124 ,,
1569 1054 1685 1110 hoc
1720 1050 1799 1108 est
1831 1094 1848 1122 ,
1894 1069 2015 1125 quae
2052 1053 2326 1129 speciales

301 1132 575 1202 quosdam
606 1134 737 1200 Juris
778 1133 954 1191 civilis
988 1129 1218 1190 effectus
1252 1129 1601 1205 producunt.

376 1206 555 1261 XXII.
598 1210 686 1263 Ex
732 1207 1112 1282 suppofitione
1149 1211 1235 1278 jus
1268 1223 1572 1265 commune
1626 1205 1705 1264 est
1749 1204 1821 1261 ad
1850 1207 2011 1262 attus-
2039 1240 2057 1273 ,
2109 1202 2134 1249 b
2170 1221 2310 1275 quos
2351 1211 2374 1258 b
2421 1205 2609 1264 mad,

303 1280 550 1355 populus
599 1281 803 1351 aliquis
856 1286 1102 1340 externis
1159 1283 1481 1358 promiscue
1539 1283 1834 1355 permittit.
1913 1283 2065 1339 Nam
2100 1290 2236 1335 tunc
2277 1276 2542 1351 first-2³²·

303 1373 332 1409 9
365 1373 513 1412 unus
562 1356 819 1430 populus·
848 1359 1179 1417 excludatur
1211 1399 1229 1426 ,
1289 1362 1341 1415 ei
1373 1360 1437 1416 fit
1478 1359 1694 1427 injuria.
1780 1359 1871 1416 Sic
1906 1402 1921 1427 ‚
1990 1359 2031 1415 fi
2068 1355 2319 1412 externis
2337 1354 2379 1385 2·
2408 1353 2452 1390 3·

302 1432 509 1489 >alicubi
551 1432 778 1497 venari,
824 1432 1060 1505 piscari,
1101 1437 1367 1508 aucupari
1402 1475 1416 1503 ‚
1458 1435 1782 1507 margaritas
1822 1434 2018 1508 legere
2055 1433 2191 1488 licet
2230 1475 2245 1499 ‚
2290 1429 2332 1486 fi

305 1527 378 1566 ex
413 1509 746 1565 testamento
795 1513 995 1582 capere
1034 1554 1048 1579 ,
1092 1511 1132 1566 fi
1170 1528 1257 1566 res
1304 1509 1549 1567 vendere
1583 1554 1599 1578 ‚
1641 1509 1679 1565 fi
1737 1511 1908 1566 etiam
1961 1522 2124 1568 extra
2156 1523 2335 1581 penu·-

304 1587 442 1641 riam
476 1585 813 1641 feminarum
866 1586 1127 1657 conjugia
1177 1587 1510 1643 contrahere
1556 1623 1575 1652 ‚
1633 1585 1732 1641 uni
1762 1585 1984 1659 populo
2025 1587 2084 1642 id
2132 1583 2328 1656 negari

303 1675 423 1717 non
472 1660 688 1733 potestz
733 1661 834 1718 nifi
878 1660 1138 1718 delictum
1176 1662 1507 1736 praecefferit
1553 1681 1564 1716 ε
1637 1680 1745 1734 qua
1779 1661 1849 1717 de
1889 1660 2321 1730 cauffa‘Benja-

305 1737 514 1793 minitis
565 1753 587 1781 ε
620 1738 852 1793 Hebraei
892 1739 1080 1797 caeteri
1113 1738 1445 1794 ademerunt
1482 1739 1751 1793 connubii
1793 1737 2143 1796 facultatem⁶
2361 1731 2608 1796 ‘fid-³³4

376 1814 586 1871 XXIII.
635 1812 745 1870 Sed
787 1811 857 1873 de
904 1815 1172 1887 permiffis
1220 1815 1376 1886 quod
1431 1814 1668 1870 diximus
1704 1854 1720 1879 ,
1763 1813 2199 1886 intelligendum
2244 1812 2322 1869 est

305 1889 374 1945 de
407 1889 526 1957 his,
571 1904 694 1961 quae
732 1890 987 1963 permissa
1033 1889 1159 1945 sunt
1198 1902 1465 1962 tanquam
1516 1905 1573 1938 10
1606 1903 1675 1944 ex
1720 1890 1779 1945 vi
1822 1891 2094 1946 naturalis
2156 1890 2322 1944 liber-

303 1967 434 2021 tatis
472 1962 621 2021 nulla
655 1966 780 2038 lege
832 1963 1054 2022 sublatae
1089 1983 1102 2021 ε
1179 1982 1296 2022 non
1349 1967 1388 2022 fi
1436 1965 1691 2040 permissa
1735 1964 1839 2021 sint
1875 1980 1927 2012 11
1964 1983 2067 2040 per
2107 1965 2321 2023 benefi-

303 2043 451 2097 cium
478 2082 492 2105 ‚
537 2039 842 2096 relaxando
873 2041 1073 2112 legem.
1154 2058 1281 2096 nam
1324 2054 1378 2087 12
1407 2043 1465 2097 in
1512 2042 1775 2098 beneficii
1813 2044 2125 2115 negatione
2167 2036 2322 2096 nulla

301 2116 378 2171 est
407 2118 617 2183 injuria.
696 2115 891 2186 Atque
930 2117 1003 2169 ita
1037 2117 1368 2173 arbitramur
1409 2119 1698 2174 conciliari
1730 2118 1886 2192 poffe
1925 2164 1940 2188 ‚
1986 2117 2144 2192 quod
2186 2116 2312 2189 post

299 2189 658 2246 Franciscum
698 2191 1002 2247 Vitioriam
1038 2192 1188 2263 quasi
1217 2193 1270 2247 ei
1317 2196 1631 2249 contrarius
1671 2195 1896 2250 notavit
1921 2192 1954 2241 d
1985 2194 2231 2251 Molina.
2360 2199 2547 2264 dnxy'p.

373 2267 582 2322 XXIV.
627 2266 931 2342 Quaefitum
978 2268 1240 2334 memini,
1285 2284 1355 2322 an
1387 2270 1603 2340 populo
1642 2270 1807 2325 alicui
1839 2270 2009 2325 liceat
2033 2287 2160 2326 cum
2197 2267 2310 2323 alio
2336 2281 2444 2321 105·

296 2341 521 2418 populo
554 2339 788 2412 pacisci,
833 2352 896 2395 ut
932 2341 976 2396 is
1018 2342 1267 2412 populus
1308 2344 1449 2399 certi
1491 2344 1714 2413 generis
1747 2344 1992 2412 fructu&
2042 2346 2141 2417 qui
2177 2343 2316 2400 alibi

298 2434 415 2474 non
454 2413 755 2471 nascuntur
779 2456 793 2481 ‚
832 2413 934 2469 fibi
966 2414 1067 2470 soli
1110 2413 1338 2471 vendat.
1404 2418 1605 2473 Licere
1646 2417 1883 2485 cense0‚
1929 2420 1970 2473 fi
1997 2420 2044 2476 is
2071 2464 2086 2487 ,
2134 2421 2234 2493 qui
2258 2436 2312 2475 e-

297 2496 400 2553 mit
434 2491 681 2565 populus
718 2499 943 2561 paratus
993 2490 1060 2545 fit
1092 2491 1211 2544 aliis
1241 2491 1492 2546 vendere
1531 2509 1698 2564 aequo
1731 2493 1940 2565 pretiO.
2017 2511 2147 2549 nam
2186 2498 2317 2550 alia-

297 2586 423 2626 rum
452 2566 708 2640 gendum
749 2581 866 2622 non
907 2566 1167 2636 interest,
1211 2585 1240 2622 a
1292 2585 1409 2639 quo
1458 2580 1649 2624 emant
1711 2568 1869 2641 quod
1921 2568 1993 2625 ad
2041 2569 2315 2628 desideria

299 2655 509 2700 naturae
540 2642 762 2698 attinet.
850 2655 898 2692 13
940 2646 1187 2698 Lucrum
1217 2654 1405 2707 autem
1445 2645 1586 2700 alter
1624 2645 1788 2700 alteri
1818 2657 2160 2717 praevertere
2195 2646 2315 2704 lici-

300 2725 357 2775 te
396 2717 580 2792 potest
601 2761 614 2785 ‚
659 2716 899 2772 maxime
943 2716 983 2772 fi
1014 2718 1171 2773 causa
1206 2715 1406 2784 subsit,
1452 2729 1516 2774 ut
1549 2717 1591 2770 fi
1617 2721 1714 2788 qui
1758 2718 1814 2772 id
1837 2734 1894 2772 14
1922 2720 2213 2791 stipulatus
2233 2723 2314 2777 est

296 2791 538 2869 populus
579 2793 815 2847 alterum
861 2792 1134 2866 populum
1174 2792 1230 2846 in
1285 2789 1437 2845 suam
1483 2791 1722 2846 tutelam
1770 2795 2056 2863 receperit
2106 2836 2120 2861 ,
2166 2794 2306 2851 sum-

298 2884 505 2942 tusque
540 2883 610 2923 eo
642 2868 874 2923 nomine
922 2867 1211 2924 faciendos
1257 2868 1479 2923 habeat.
1560 2865 1716 2923 Talis
1767 2879 1956 2921 autem
1993 2865 2250 2925 coemtio
2284 2917 2301 2941 ,

302 2963 373 3001 eo
406 2962 522 3017 quo
568 2942 684 2999 dixi
722 2943 909 2999 animo
942 2944 1081 3000 facta
1123 2988 1137 3011 ,
1175 2943 1281 3013 juri
1321 2955 1531 2998 naturae
1562 2958 1681 2997 non
1719 2955 1999 3015 repugnat
2040 2986 2055 3012 ‚
2128 2963 2302 3017 quan-

301 3039 466 3094 quam
501 3035 550 3072 15
574 3017 714 3074 solet
742 3018 1025 3076 interdum
1064 3022 1139 3076 ob
1181 3018 1486 3078 utilitatem
1514 3017 1801 3091 publicam
1849 3017 2072 3091 legibus
2125 3022 2306 3078 civili-

302 3099 403 3155 bus
443 3095 756 3171 prohiberi.

2193 3175 2321 3232 CA-

534 3311 577 3353 G
613 3317 650 3353 R
687 3319 722 3354 o
755 3319 795 3354 N
836 3319 871 3356 ο
908 3321 942 3357 v
981 3324 1001 3356 1
1045 3325 1086 3359 1.
1340 3313 1584 3362 meruerit.
1632 3321 1732 3375 cap.
1785 3324 1892 3368 104.
1939 3309 2157 3372 Sallustii
2198 3315 2323 3364 Bell.

364 3445 387 3485 3
424 3436 529 3495 Qua
543 3431 674 3492 justa
691 3433 833 3495 sunt]
895 3432 1003 3482 Lib.
1028 3447 1068 3484 Ι.
1102 3451 1206 3504 cap.
1240 3455 1282 3494 3.
1338 3381 1451 3495 ἰυξς
1501 3441 1686 3487 Lucrum
1728 3435 1852 3486 alter
1905 3439 2094 3497 alteri]
2162 3442 2315 3504 Qod

302 3511 436 3554 num.
470 3513 525 3552 4.
1335 3502 1629 3569 compendio
1659 3501 1736 3548 vel
1766 3502 1906 3550 lucro
1937 3501 2004 3549 est
2024 3505 2112 3563 ‚in
2144 3520 2206 3551 eo
2240 3523 2324 3554 oc-

365 3579 391 3615 9
428 3562 546 3609 Unus
566 3559 777 3626 populus]
836 3564 901 3607 Ut
928 3573 1090 3625 quum
1116 3577 1282 3614 arcen·
1334 3581 1505 3633 cupare
1534 3567 1682 3613 alium
1716 3565 1764 3610 δε
1794 3565 2053 3631 praevenire
2092 3569 2323 3618 industria

303 3639 379 3675 tut
404 3625 563 3689 Judaei.
1330 3630 1686 3696 vigilantiaque
1712 3624 1795 3676 sua
1819 3642 1972 3677 nemo
2005 3632 2313 3692 prohibetur.

370 3705 423 3735 10
440 3688 516 3735 Ex
543 3689 593 3732 vi
617 3687 863 3744 naturalis]
895 3687 1007 3735 Sine
1034 3690 1278 3753 pabtione.
1398 3712 1456 3752 14
1513 3694 1766 3756 Sripulatus
1827 3692 1914 3752 cst]
1979 3698 2180 3745 Curavit
2229 3696 2320 3747 fibi

369 3768 386 3799 1
402 3768 419 3799 1
455 3751 544 3798 Per
570 3750 839 3809 beneficium]
858 3752 1117 3817 Privilegio
1143 3755 1284 3804 dato.·
1330 3759 1577 3825 promitti.

368 3829 421 3863 12
457 3816 506 3861 In
544 3812 774 3888 keaeficii]
810 3816 886 3888 Sic
913 3818 1129 3865 Romani
1157 3824 1281 3869 Boc·
1395 3839 1413 3870 1
1425 3835 1445 3878 ς
1482 3820 1596 3868 Solet
1622 3819 1844 3871 interdum
1864 3818 2118 3889 prohiberi]
2167 3821 2315 3889 Qafi

303 3878 395 3926 cho
412 3884 710 3927 Mauritaniae
735 3891 838 3940 regi
864 3875 1027 3928 foedus
1056 3882 1105 3928 &
1131 3879 1283 3931 socie·
1330 3885 1697 3952 monopolium.

303 3953 458 3991 tatem
497 3942 689 4008 petenti
725 3942 1076 4005 responderunt
1098 3979 1117 4005 ‚
1164 3961 1281 3998 cum

1588 4047 1633 4127 r
1675 4092 1743 4136 2*
2152 4078 2322 4124 (3200
