<?xml version="1.0" encoding="UTF-8"?>
<!DOCTYPE html PUBLIC "-//W3C//DTD XHTML 1.0 Transitional//EN"
    "http://www.w3.org/TR/xhtml1/DTD/xhtml1-transitional.dtd">
<html xmlns="http://www.w3.org/1999/xhtml" xml:lang="en" lang="en">
 <head>
  <title>
</title>
<meta http-equiv="Content-Type" content="text/html;charset=utf-8" />
  <meta name='ocr-system' content='tesseract 3.04.00' />
  <meta name='ocr-capabilities' content='ocr_page ocr_carea ocr_par ocr_line ocrx_word'/>
</head>
<body>
  <div class='ocr_page' id='page_1' title='image "./huggrotiidejure00grongoog_0550.png"; bbox 0 0 3182 5113; ppageno 0'>
   <div class='ocr_carea' id='block_1_1' title="bbox 855 446 2855 558">
    <p class='ocr_par' dir='ltr' id='par_1_1' title="bbox 855 446 2855 558">
     <span class='ocr_line' id='line_1_1' title="bbox 855 446 2855 558; baseline -0.003 -30"><span class='ocrx_word' id='word_1_1' title='bbox 855 472 1011 558; x_wconf 61' lang='lat'>474</span> <span class='ocrx_word' id='word_1_2' title='bbox 1585 448 1655 520; x_wconf 91' lang='lat' dir='ltr'>L</span> <span class='ocrx_word' id='word_1_3' title='bbox 1702 449 1737 520; x_wconf 86' lang='lat' dir='ltr'>I</span> <span class='ocrx_word' id='word_1_4' title='bbox 1786 447 1845 518; x_wconf 91' lang='grc' dir='ltr'>Β</span> <span class='ocrx_word' id='word_1_5' title='bbox 1892 446 1959 519; x_wconf 85' lang='grc' dir='ltr'>Ε</span> <span class='ocrx_word' id='word_1_6' title='bbox 2007 449 2090 520; x_wconf 87' lang='lat' dir='ltr'>R</span> <span class='ocrx_word' id='word_1_7' title='bbox 2185 454 2275 521; x_wconf 84' lang='grc' dir='ltr'>Π.</span> <span class='ocrx_word' id='word_1_8' title='bbox 2655 466 2855 540; x_wconf 62' lang='lat' dir='ltr'>§.vm</span> 
     </span>
    </p>
   </div>
   <div class='ocr_carea' id='block_1_2' title="bbox 566 580 2865 2791">
    <p class='ocr_par' dir='ltr' id='par_1_2' title="bbox 566 580 2865 1877">
     <span class='ocr_line' id='line_1_2' title="bbox 854 580 2851 667; baseline -0.003 -22"><span class='ocrx_word' id='word_1_9' title='bbox 854 606 957 648; x_wconf 87' lang='lat' dir='ltr'>nus</span> <span class='ocrx_word' id='word_1_10' title='bbox 990 586 1174 660; x_wconf 85' lang='lat' dir='ltr'>digna.</span> <span class='ocrx_word' id='word_1_11' title='bbox 1216 584 1305 644; x_wconf 84' lang='lat' dir='ltr'>Ex</span> <span class='ocrx_word' id='word_1_12' title='bbox 1335 591 1496 658; x_wconf 80' lang='lat' dir='ltr'>parte</span> <span class='ocrx_word' id='word_1_13' title='bbox 1526 581 1789 658; x_wconf 83' lang='lat' dir='ltr'>digniori,</span> <span class='ocrx_word' id='word_1_14' title='bbox 1817 594 1879 640; x_wconf 89' lang='lat' dir='ltr'>ut</span> <span class='ocrx_word' id='word_1_15' title='bbox 1903 583 1941 640; x_wconf 85' lang='lat' dir='ltr'><strong>fi</strong></span> <span class='ocrx_word' id='word_1_16' title='bbox 1969 583 2091 667; x_wconf 82' lang='lat' dir='ltr'>quis</span> <span class='ocrx_word' id='word_1_17' title='bbox 2125 580 2331 641; x_wconf 79' lang='lat' dir='ltr'>auxilia</span> <span class='ocrx_word' id='word_1_18' title='bbox 2352 581 2645 654; x_wconf 82' lang='lat' dir='ltr'>promittat</span> <span class='ocrx_word' id='word_1_19' title='bbox 2665 600 2721 640; x_wconf 81' lang='lat'>39</span> <span class='ocrx_word' id='word_1_20' title='bbox 2748 604 2851 644; x_wconf 78' lang='lat' dir='ltr'>nec</span> 
     </span>
     <span class='ocr_line' id='line_1_3' title="bbox 856 655 2854 737; baseline 0 -16"><span class='ocrx_word' id='word_1_21' title='bbox 856 662 1207 737; x_wconf 81' lang='lat' dir='ltr'>restipuletur</span> <span class='ocrx_word' id='word_1_22' title='bbox 1229 678 1322 731; x_wconf 85' lang='lat'>,40</span> <span class='ocrx_word' id='word_1_23' title='bbox 1348 673 1442 716; x_wconf 88' lang='lat' dir='ltr'>aut</span> <span class='ocrx_word' id='word_1_24' title='bbox 1476 662 1685 730; x_wconf 79' lang='lat' dir='ltr'>maJ&#39;ora</span> <span class='ocrx_word' id='word_1_25' title='bbox 1716 660 2042 734; x_wconf 81' lang='lat' dir='ltr'>promittat:</span> <span class='ocrx_word' id='word_1_26' title='bbox 2072 661 2157 718; x_wconf 85' lang='lat' dir='ltr'>Ex</span> <span class='ocrx_word' id='word_1_27' title='bbox 2191 669 2347 733; x_wconf 89' lang='lat' dir='ltr'>parte</span> <span class='ocrx_word' id='word_1_28' title='bbox 2382 655 2687 730; x_wconf 73' lang='lat' dir='ltr'>indigniori</span> <span class='ocrx_word' id='word_1_29' title='bbox 2729 666 2854 721; x_wconf 79' lang='lat' dir='ltr'>inae-</span> 
     </span>
     <span class='ocr_line' id='line_1_4' title="bbox 853 727 2857 815; baseline -0.002 -19"><span class='ocrx_word' id='word_1_30' title='bbox 853 738 1066 815; x_wconf 83' lang='lat' dir='ltr'>qualia,</span> <span class='ocrx_word' id='word_1_31' title='bbox 1090 752 1185 796; x_wconf 86' lang='lat' dir='ltr'>aut</span> <span class='ocrx_word' id='word_1_32' title='bbox 1204 753 1265 796; x_wconf 91' lang='lat' dir='ltr'>ut</span> <span class='ocrx_word' id='word_1_33' title='bbox 1290 737 1558 796; x_wconf 82' lang='lat' dir='ltr'>isocrates</span> <span class='ocrx_word' id='word_1_34' title='bbox 1579 738 1726 796; x_wconf 65' lang='lat' dir='ltr'>dieto</span> <span class='ocrx_word' id='word_1_35' title='bbox 1752 737 2105 812; x_wconf 80' lang='lat' dir='ltr'>Panegyrico</span> <span class='ocrx_word' id='word_1_36' title='bbox 2130 736 2415 809; x_wconf 85' lang='lat' dir='ltr'>loquitur,</span> <span class='ocrx_word' id='word_1_37' title='bbox 2454 748 2512 797; x_wconf 74' lang='lat'>41</span> <span class='ocrx_word' id='word_1_38' title='bbox 2561 727 2610 791; x_wconf 54' lang='grc' dir='ltr'><strong>ἆ</strong></span> <span class='ocrx_word' id='word_1_39' title='bbox 2641 738 2730 796; x_wconf 51' lang='lat' dir='ltr'>rag</span> <span class='ocrx_word' id='word_1_40' title='bbox 2760 739 2857 793; x_wconf 74' lang='grc' dir='ltr'>ἑτέ-</span> 
     </span>
     <span class='ocr_line' id='line_1_5' title="bbox 847 810 2861 890; baseline 0.003 -23"><span class='ocrx_word' id='word_1_41' title='bbox 847 838 939 887; x_wconf 64' lang='lat'>9⁸9</span> <span class='ocrx_word' id='word_1_42' title='bbox 969 817 1231 873; x_wconf 63' lang='grc' dir='ltr'>ἐλοιτῖςντω</span> <span class='ocrx_word' id='word_1_43' title='bbox 1261 810 1400 890; x_wconf 53' lang='lat'>0⁵&amp;</span> <span class='ocrx_word' id='word_1_44' title='bbox 1437 810 1487 868; x_wconf 71' lang='lat' dir='ltr'>w*</span> <span class='ocrx_word' id='word_1_45' title='bbox 1532 811 1751 880; x_wconf 63' lang='grc' dir='ltr'>ὣίφιιον,</span> <span class='ocrx_word' id='word_1_46' title='bbox 1792 813 1917 871; x_wconf 86' lang='lat' dir='ltr'>sunt</span> <span class='ocrx_word' id='word_1_47' title='bbox 1953 831 2017 869; x_wconf 90' lang='lat' dir='ltr'>ea</span> <span class='ocrx_word' id='word_1_48' title='bbox 2049 831 2172 887; x_wconf 79' lang='lat' dir='ltr'>quae</span> <span class='ocrx_word' id='word_1_49' title='bbox 2211 811 2452 878; x_wconf 80' lang='lat' dir='ltr'>diximus</span> <span class='ocrx_word' id='word_1_50' title='bbox 2495 813 2861 877; x_wconf 45' lang='lat' dir='ltr'>aeternam</span> 
     </span>
     <span class='ocr_line' id='line_1_6' title="bbox 777 887 2862 969; baseline -0.002 -20"><span class='ocrx_word' id='word_1_51' title='bbox 777 966 779 969; x_wconf 8' lang='grc' dir='ltr'><strong>ἢ</strong></span> <span class='ocrx_word' id='word_1_52' title='bbox 849 908 950 949; x_wconf 87' lang='lat' dir='ltr'>aut</span> <span class='ocrx_word' id='word_1_53' title='bbox 990 887 1311 961; x_wconf 61' lang='grc' dir='ltr'>ἐπιέἑγμφόι</span> <span class='ocrx_word' id='word_1_54' title='bbox 1341 890 1552 949; x_wconf 81' lang='lat' dir='ltr'>vocari.</span> <span class='ocrx_word' id='word_1_55' title='bbox 1614 894 1687 950; x_wconf 87' lang='lat' dir='ltr'>Et</span> <span class='ocrx_word' id='word_1_56' title='bbox 1718 892 1837 947; x_wconf 84' lang='lat' dir='ltr'>haec</span> <span class='ocrx_word' id='word_1_57' title='bbox 1879 889 1990 965; x_wconf 87' lang='lat' dir='ltr'>ipsa</span> <span class='ocrx_word' id='word_1_58' title='bbox 2020 902 2116 955; x_wconf 86' lang='lat' dir='ltr'>aut</span> <span class='ocrx_word' id='word_1_59' title='bbox 2146 907 2274 948; x_wconf 91' lang='lat' dir='ltr'>cum</span> <span class='ocrx_word' id='word_1_60' title='bbox 2312 887 2709 944; x_wconf 87' lang='lat' dir='ltr'>imminutione</span> <span class='ocrx_word' id='word_1_61' title='bbox 2738 887 2862 945; x_wconf 87' lang='lat' dir='ltr'>sunt</span> 
     </span>
     <span class='ocr_line' id='line_1_7' title="bbox 853 967 2487 1043; baseline -0.002 -18"><span class='ocrx_word' id='word_1_62' title='bbox 853 969 1074 1043; x_wconf 88' lang='lat' dir='ltr'>imperii</span> <span class='ocrx_word' id='word_1_63' title='bbox 1100 1013 1116 1038; x_wconf 88' lang='lat'>,</span> <span class='ocrx_word' id='word_1_64' title='bbox 1160 981 1255 1024; x_wconf 90' lang='lat' dir='ltr'>aut</span> <span class='ocrx_word' id='word_1_65' title='bbox 1286 969 1395 1025; x_wconf 84' lang='lat' dir='ltr'>fine</span> <span class='ocrx_word' id='word_1_66' title='bbox 1429 968 1544 1036; x_wconf 84' lang='lat' dir='ltr'>ejus</span> <span class='ocrx_word' id='word_1_67' title='bbox 1576 967 1991 1024; x_wconf 84' lang='lat' dir='ltr'>imminutione.</span> <span class='ocrx_word' id='word_1_68' title='bbox 2484 980 2487 981; x_wconf 69' lang='grc'>’</span> 
     </span>
     <span class='ocr_line' id='line_1_8' title="bbox 573 1038 2862 1119; baseline -0.003 -17"><span class='ocrx_word' id='word_1_69' title='bbox 573 1054 835 1116; x_wconf 54' lang='grc' dir='ltr'>αβυακκ,</span> <span class='ocrx_word' id='word_1_70' title='bbox 930 1064 982 1102; x_wconf 87' lang='lat'>2.</span> <span class='ocrx_word' id='word_1_71' title='bbox 1010 1046 1153 1102; x_wconf 89' lang='lat' dir='ltr'>Cum</span> <span class='ocrx_word' id='word_1_72' title='bbox 1185 1046 1583 1101; x_wconf 82' lang='lat' dir='ltr'>imminutione</span> <span class='ocrx_word' id='word_1_73' title='bbox 1608 1044 1861 1119; x_wconf 86' lang='lat' dir='ltr'>imperii,</span> <span class='ocrx_word' id='word_1_74' title='bbox 1882 1054 1944 1100; x_wconf 87' lang='lat' dir='ltr'>ut</span> <span class='ocrx_word' id='word_1_75' title='bbox 1969 1045 2023 1099; x_wconf 91' lang='lat' dir='ltr'>in</span> <span class='ocrx_word' id='word_1_76' title='bbox 2058 1040 2305 1100; x_wconf 86' lang='lat' dir='ltr'>secundo</span> <span class='ocrx_word' id='word_1_77' title='bbox 2340 1039 2530 1109; x_wconf 90' lang='lat' dir='ltr'>federe</span> <span class='ocrx_word' id='word_1_78' title='bbox 2565 1053 2597 1095; x_wconf 72' lang='lat' dir='ltr'>a</span> <span class='ocrx_word' id='word_1_79' title='bbox 2630 1038 2862 1096; x_wconf 84' lang='lat' dir='ltr'>Cartha-</span> 
     </span>
     <span class='ocr_line' id='line_1_9' title="bbox 566 1114 2865 1197; baseline -0.003 -21"><span class='ocrx_word' id='word_1_80' title='bbox 566 1134 634 1177; x_wconf 73' lang='lat'>37·</span> <span class='ocrx_word' id='word_1_81' title='bbox 856 1122 1183 1197; x_wconf 87' lang='lat' dir='ltr'>ginienfium</span> <span class='ocrx_word' id='word_1_82' title='bbox 1214 1139 1342 1178; x_wconf 93' lang='lat' dir='ltr'>cum</span> <span class='ocrx_word' id='word_1_83' title='bbox 1375 1121 1646 1178; x_wconf 86' lang='lat' dir='ltr'>Romanis</span> <span class='ocrx_word' id='word_1_84' title='bbox 1668 1165 1682 1188; x_wconf 94' lang='lat'>,</span> <span class='ocrx_word' id='word_1_85' title='bbox 1726 1138 1797 1177; x_wconf 88' lang='lat' dir='ltr'>ne</span> <span class='ocrx_word' id='word_1_86' title='bbox 1829 1120 1921 1177; x_wconf 87' lang='lat' dir='ltr'>cui</span> <span class='ocrx_word' id='word_1_87' title='bbox 1956 1117 2443 1193; x_wconf 81' lang='lat' dir='ltr'>Carthaginienses</span> <span class='ocrx_word' id='word_1_88' title='bbox 2473 1114 2680 1172; x_wconf 88' lang='lat' dir='ltr'>bellum</span> <span class='ocrx_word' id='word_1_89' title='bbox 2720 1114 2865 1171; x_wconf 86' lang='lat' dir='ltr'>face-</span> 
     </span>
     <span class='ocr_line' id='line_1_10' title="bbox 855 1191 2861 1271; baseline -0.003 -16"><span class='ocrx_word' id='word_1_90' title='bbox 855 1211 1013 1267; x_wconf 78' lang='lat' dir='ltr'>rent,</span> <span class='ocrx_word' id='word_1_91' title='bbox 1058 1196 1255 1265; x_wconf 79' lang='lat' dir='ltr'>injuss&#39;u</span> <span class='ocrx_word' id='word_1_92' title='bbox 1287 1197 1485 1271; x_wconf 89' lang='lat' dir='ltr'>populi</span> <span class='ocrx_word' id='word_1_93' title='bbox 1516 1198 1782 1255; x_wconf 82' lang='lat' dir='ltr'>Romani.</span> <span class='ocrx_word' id='word_1_94' title='bbox 1865 1197 1959 1253; x_wconf 85' lang='lat' dir='ltr'>Ab</span> <span class='ocrx_word' id='word_1_95' title='bbox 1995 1215 2066 1254; x_wconf 93' lang='lat' dir='ltr'>eo</span> <span class='ocrx_word' id='word_1_96' title='bbox 2101 1207 2396 1269; x_wconf 86' lang='lat' dir='ltr'>tempore,</span> <span class='ocrx_word' id='word_1_97' title='bbox 2456 1204 2517 1248; x_wconf 90' lang='lat' dir='ltr'>ut</span> <span class='ocrx_word' id='word_1_98' title='bbox 2565 1191 2861 1265; x_wconf 87' lang='lat' dir='ltr'>Appianus</span> 
     </span>
     <span class='ocr_line' id='line_1_11' title="bbox 855 1267 2865 1348; baseline -0.003 -19"><span class='ocrx_word' id='word_1_99' title='bbox 855 1275 1134 1348; x_wconf 71' lang='lat' dir='ltr'>loquitur,</span> <span class='ocrx_word' id='word_1_100' title='bbox 1185 1272 1529 1343; x_wconf 51' lang='grc' dir='ltr'>Καρχηδόνιοι</span> <span class='ocrx_word' id='word_1_101' title='bbox 1557 1274 1822 1337; x_wconf 64' lang='grc' dir='ltr'>Ῥωμαίοις</span> <span class='ocrx_word' id='word_1_102' title='bbox 1858 1277 2097 1331; x_wconf 53' lang='lat' dir='ltr'>wtizam</span> <span class='ocrx_word' id='word_1_103' title='bbox 2123 1267 2367 1326; x_wconf 53' lang='lat' dir='ltr'>&#39;55vaae</span> <span class='ocrx_word' id='word_1_104' title='bbox 2388 1314 2402 1338; x_wconf 88' lang='lat'>,</span> <span class='ocrx_word' id='word_1_105' title='bbox 2445 1268 2865 1339; x_wconf 76' lang='lat' dir='ltr'>Carthaginien·</span> 
     </span>
     <span class='ocr_line' id='line_1_12' title="bbox 841 1344 2861 1425; baseline -0.003 -20"><span class='ocrx_word' id='word_1_106' title='bbox 841 1353 921 1425; x_wconf 81' lang='lat' dir='ltr'>ses</span> <span class='ocrx_word' id='word_1_107' title='bbox 943 1350 1197 1405; x_wconf 76' lang='lat' dir='ltr'>Romanis</span> <span class='ocrx_word' id='word_1_108' title='bbox 1221 1367 1291 1415; x_wconf 13' lang='lat' dir='ltr'>*ex</span> <span class='ocrx_word' id='word_1_109' title='bbox 1318 1348 1495 1422; x_wconf 79' lang='lat' dir='ltr'>federe</span> <span class='ocrx_word' id='word_1_110' title='bbox 1527 1369 1718 1405; x_wconf 79' lang='lat' dir='ltr'>morem</span> <span class='ocrx_word' id='word_1_111' title='bbox 1741 1348 2015 1422; x_wconf 75' lang='lat' dir='ltr'>gerebant.</span> <span class='ocrx_word' id='word_1_112' title='bbox 2090 1346 2281 1420; x_wconf 77' lang='lat' dir='ltr'>Potest</span> <span class='ocrx_word' id='word_1_113' title='bbox 2310 1344 2437 1402; x_wconf 84' lang='lat' dir='ltr'>addi</span> <span class='ocrx_word' id='word_1_114' title='bbox 2492 1346 2624 1400; x_wconf 87' lang='lat' dir='ltr'>huic</span> <span class='ocrx_word' id='word_1_115' title='bbox 2667 1344 2861 1416; x_wconf 81' lang='lat' dir='ltr'>generi</span> 
     </span>
     <span class='ocr_line' id='line_1_13' title="bbox 849 1418 2861 1498; baseline -0.003 -16"><span class='ocrx_word' id='word_1_116' title='bbox 849 1441 910 1482; x_wconf 79' lang='lat'>42</span> <span class='ocrx_word' id='word_1_117' title='bbox 935 1424 1150 1481; x_wconf 90' lang='lat' dir='ltr'>deditio</span> <span class='ocrx_word' id='word_1_118' title='bbox 1183 1427 1609 1494; x_wconf 82' lang='lat' dir='ltr'>conditionata,</span> <span class='ocrx_word' id='word_1_119' title='bbox 1652 1427 1753 1482; x_wconf 81' lang='lat' dir='ltr'>nisi</span> <span class='ocrx_word' id='word_1_120' title='bbox 1779 1425 1934 1498; x_wconf 85' lang='lat' dir='ltr'>quod</span> <span class='ocrx_word' id='word_1_121' title='bbox 1965 1426 2055 1481; x_wconf 87' lang='lat' dir='ltr'>illa</span> <span class='ocrx_word' id='word_1_122' title='bbox 2090 1440 2208 1480; x_wconf 87' lang='lat' dir='ltr'>non</span> <span class='ocrx_word' id='word_1_123' title='bbox 2245 1420 2728 1486; x_wconf 82' lang='lat' dir='ltr'>imminutionem,</span> <span class='ocrx_word' id='word_1_124' title='bbox 2769 1418 2861 1482; x_wconf 89' lang='lat' dir='ltr'>sed</span> 
     </span>
     <span class='ocr_line' id='line_1_14' title="bbox 848 1494 2860 1574; baseline -0.005 -14"><span class='ocrx_word' id='word_1_125' title='bbox 848 1518 904 1560; x_wconf 79' lang='lat'>43</span> <span class='ocrx_word' id='word_1_126' title='bbox 948 1502 1370 1558; x_wconf 79' lang='lat' dir='ltr'>translationem</span> <span class='ocrx_word' id='word_1_127' title='bbox 1411 1503 1587 1559; x_wconf 88' lang='lat' dir='ltr'>totius</span> <span class='ocrx_word' id='word_1_128' title='bbox 1628 1502 1846 1574; x_wconf 89' lang='lat' dir='ltr'>imperii</span> <span class='ocrx_word' id='word_1_129' title='bbox 1887 1503 2178 1568; x_wconf 89' lang='lat' dir='ltr'>continet,</span> <span class='ocrx_word' id='word_1_130' title='bbox 2237 1515 2346 1570; x_wconf 86' lang='lat' dir='ltr'>qua</span> <span class='ocrx_word' id='word_1_131' title='bbox 2391 1497 2460 1552; x_wconf 91' lang='lat' dir='ltr'>de</span> <span class='ocrx_word' id='word_1_132' title='bbox 2521 1513 2578 1552; x_wconf 88' lang='lat' dir='ltr'>re</span> <span class='ocrx_word' id='word_1_133' title='bbox 2619 1494 2860 1553; x_wconf 84' lang='lat' dir='ltr'>diximus</span> 
     </span>
     <span class='ocr_line' id='line_1_15' title="bbox 850 1570 2859 1636; baseline -0.004 -3"><span class='ocrx_word' id='word_1_134' title='bbox 850 1577 997 1634; x_wconf 89' lang='lat' dir='ltr'>alibi.</span> <span class='ocrx_word' id='word_1_135' title='bbox 1082 1579 1281 1636; x_wconf 84' lang='lat' dir='ltr'>Talem</span> <span class='ocrx_word' id='word_1_136' title='bbox 1305 1591 1490 1634; x_wconf 87' lang='lat' dir='ltr'>autem</span> <span class='ocrx_word' id='word_1_137' title='bbox 1523 1578 1966 1635; x_wconf 81' lang='lat' dir='ltr'>conventionem</span> <span class='ocrx_word' id='word_1_138' title='bbox 1994 1575 2197 1632; x_wconf 86' lang='lat' dir='ltr'>federis</span> <span class='ocrx_word' id='word_1_139' title='bbox 2244 1574 2475 1630; x_wconf 89' lang='lat' dir='ltr'>nomine</span> <span class='ocrx_word' id='word_1_140' title='bbox 2507 1570 2560 1627; x_wconf 70' lang='grc' dir='ltr'>δι</span> <span class='ocrx_word' id='word_1_141' title='bbox 2599 1570 2731 1627; x_wconf 90' lang='lat' dir='ltr'>alibi</span> <span class='ocrx_word' id='word_1_142' title='bbox 2768 1572 2859 1627; x_wconf 83' lang='lat' dir='ltr'>Li·</span> 
     </span>
     <span class='ocr_line' id='line_1_16' title="bbox 598 1641 2861 1734; baseline -0.008 -18"><span class='ocrx_word' id='word_1_143' title='bbox 598 1665 826 1734; x_wconf 60' lang='lat' dir='ltr'>ffiCapao.</span> <span class='ocrx_word' id='word_1_144' title='bbox 847 1655 969 1712; x_wconf 72' lang='lat' dir='ltr'>vius</span> <span class='ocrx_word' id='word_1_145' title='bbox 1016 1654 1039 1700; x_wconf 80' lang='lat' dir='ltr'><em>b</em></span> <span class='ocrx_word' id='word_1_146' title='bbox 1073 1654 1349 1728; x_wconf 82' lang='lat' dir='ltr'>appel-lat,</span> <span class='ocrx_word' id='word_1_147' title='bbox 1392 1664 1455 1708; x_wconf 83' lang='lat' dir='ltr'>ut</span> <span class='ocrx_word' id='word_1_148' title='bbox 1485 1653 1632 1709; x_wconf 82' lang='lat' dir='ltr'>libro</span> <span class='ocrx_word' id='word_1_149' title='bbox 1664 1669 1749 1708; x_wconf 82' lang='lat' dir='ltr'>IX.</span> <span class='ocrx_word' id='word_1_150' title='bbox 1807 1646 2039 1705; x_wconf 80' lang='lat' dir='ltr'>Theates</span> <span class='ocrx_word' id='word_1_151' title='bbox 2065 1651 2223 1724; x_wconf 69' lang='lat' dir='ltr'>Apuli</span> <span class='ocrx_word' id='word_1_152' title='bbox 2249 1653 2665 1722; x_wconf 79' lang='lat' dir='ltr'>impetraverunt</span> <span class='ocrx_word' id='word_1_153' title='bbox 2694 1657 2755 1700; x_wconf 87' lang='lat' dir='ltr'>ut</span> <span class='ocrx_word' id='word_1_154' title='bbox 2773 1641 2861 1716; x_wconf 85' lang='lat' dir='ltr'>fe·</span> 
     </span>
     <span class='ocr_line' id='line_1_17' title="bbox 848 1721 2863 1806; baseline -0.005 -21"><span class='ocrx_word' id='word_1_155' title='bbox 848 1731 941 1785; x_wconf 80' lang='lat' dir='ltr'>dus</span> <span class='ocrx_word' id='word_1_156' title='bbox 974 1730 1191 1785; x_wconf 78' lang='lat' dir='ltr'>daretur</span> <span class='ocrx_word' id='word_1_157' title='bbox 1211 1774 1224 1796; x_wconf 93' lang='lat'>,</span> <span class='ocrx_word' id='word_1_158' title='bbox 1269 1748 1433 1806; x_wconf 76' lang='lat' dir='ltr'>neque</span> <span class='ocrx_word' id='word_1_159' title='bbox 1458 1739 1521 1784; x_wconf 83' lang='lat' dir='ltr'>ut</span> <span class='ocrx_word' id='word_1_160' title='bbox 1551 1747 1689 1803; x_wconf 68' lang='lat' dir='ltr'>aquo</span> <span class='ocrx_word' id='word_1_161' title='bbox 1713 1737 1895 1781; x_wconf 82' lang='lat' dir='ltr'>tamen</span> <span class='ocrx_word' id='word_1_162' title='bbox 1922 1723 2102 1797; x_wconf 66' lang='lat' dir='ltr'>federe</span> <span class='ocrx_word' id='word_1_163' title='bbox 2121 1769 2135 1794; x_wconf 90' lang='lat'>,</span> <span class='ocrx_word' id='word_1_164' title='bbox 2165 1725 2264 1799; x_wconf 72' lang='lat' dir='ltr'>fid</span> <span class='ocrx_word' id='word_1_165' title='bbox 2294 1736 2355 1782; x_wconf 82' lang='lat' dir='ltr'>ut</span> <span class='ocrx_word' id='word_1_166' title='bbox 2384 1731 2447 1778; x_wconf 85' lang='lat' dir='ltr'>in</span> <span class='ocrx_word' id='word_1_167' title='bbox 2469 1723 2664 1789; x_wconf 73' lang='lat' dir='ltr'>ditione</span> <span class='ocrx_word' id='word_1_168' title='bbox 2682 1721 2863 1795; x_wconf 77' lang='lat' dir='ltr'>populi</span> 
     </span>
     <span class='ocr_line' id='line_1_18' title="bbox 847 1806 1292 1877; baseline -0.013 -12"><span class='ocrx_word' id='word_1_169' title='bbox 847 1808 1085 1865; x_wconf 78' lang='lat' dir='ltr'>Romani</span> <span class='ocrx_word' id='word_1_170' title='bbox 1120 1806 1292 1877; x_wconf 72' lang='lat' dir='ltr'>effint.</span> 
     </span>
    </p>

    <p class='ocr_par' dir='ltr' id='par_1_3' title="bbox 850 1874 2863 2335">
     <span class='ocr_line' id='line_1_19' title="bbox 924 1874 2858 1952; baseline -0.003 -16"><span class='ocrx_word' id='word_1_171' title='bbox 924 1898 976 1951; x_wconf 79' lang='lat'>3.</span> <span class='ocrx_word' id='word_1_172' title='bbox 1018 1883 1150 1941; x_wconf 90' lang='lat' dir='ltr'>Sine</span> <span class='ocrx_word' id='word_1_173' title='bbox 1187 1881 1583 1938; x_wconf 88' lang='lat' dir='ltr'>imminutione</span> <span class='ocrx_word' id='word_1_174' title='bbox 1606 1879 1825 1952; x_wconf 88' lang='lat' dir='ltr'>imperii</span> <span class='ocrx_word' id='word_1_175' title='bbox 1861 1894 2038 1935; x_wconf 87' lang='lat' dir='ltr'>onera</span> <span class='ocrx_word' id='word_1_176' title='bbox 2075 1888 2172 1939; x_wconf 89' lang='lat' dir='ltr'>aut</span> <span class='ocrx_word' id='word_1_177' title='bbox 2209 1874 2523 1932; x_wconf 77' lang='lat' dir='ltr'>transitoria</span> <span class='ocrx_word' id='word_1_178' title='bbox 2558 1875 2717 1950; x_wconf 74' lang='lat' dir='ltr'>sunt,</span> <span class='ocrx_word' id='word_1_179' title='bbox 2761 1887 2858 1933; x_wconf 88' lang='lat' dir='ltr'>aut</span> 
     </span>
     <span class='ocr_line' id='line_1_20' title="bbox 851 1948 2861 2029; baseline -0.003 -15"><span class='ocrx_word' id='word_1_180' title='bbox 851 1960 1151 2020; x_wconf 87' lang='lat' dir='ltr'>manentia.</span> <span class='ocrx_word' id='word_1_181' title='bbox 1191 1957 1533 2029; x_wconf 73' lang='lat' dir='ltr'>Tranfitoria</span> <span class='ocrx_word' id='word_1_182' title='bbox 1555 2002 1568 2026; x_wconf 92' lang='lat'>,</span> <span class='ocrx_word' id='word_1_183' title='bbox 1595 1971 1659 2013; x_wconf 84' lang='lat'>44</span> <span class='ocrx_word' id='word_1_184' title='bbox 1699 1955 1767 2010; x_wconf 90' lang='lat' dir='ltr'>de</span> <span class='ocrx_word' id='word_1_185' title='bbox 1799 1952 2072 2010; x_wconf 86' lang='lat' dir='ltr'>solvendo</span> <span class='ocrx_word' id='word_1_186' title='bbox 2105 1950 2382 2023; x_wconf 88' lang='lat' dir='ltr'>stipendio</span> <span class='ocrx_word' id='word_1_187' title='bbox 2403 1993 2418 2018; x_wconf 90' lang='lat'>,</span> <span class='ocrx_word' id='word_1_188' title='bbox 2461 1948 2530 2005; x_wconf 90' lang='lat' dir='ltr'>de</span> <span class='ocrx_word' id='word_1_189' title='bbox 2567 1968 2624 2007; x_wconf 89' lang='lat'>45</span> <span class='ocrx_word' id='word_1_190' title='bbox 2664 1953 2861 2008; x_wconf 86' lang='lat' dir='ltr'>moeni-</span> 
     </span>
     <span class='ocr_line' id='line_1_21' title="bbox 855 2023 2862 2107; baseline -0.004 -16"><span class='ocrx_word' id='word_1_191' title='bbox 855 2039 959 2107; x_wconf 82' lang='lat' dir='ltr'>bus</span> <span class='ocrx_word' id='word_1_192' title='bbox 988 2033 1268 2104; x_wconf 83' lang='lat' dir='ltr'>diruendis</span> <span class='ocrx_word' id='word_1_193' title='bbox 1290 2042 1383 2103; x_wconf 84' lang='lat'>‚46</span> <span class='ocrx_word' id='word_1_194' title='bbox 1399 2046 1463 2090; x_wconf 88' lang='lat' dir='ltr'>ut</span> <span class='ocrx_word' id='word_1_195' title='bbox 1496 2032 1637 2089; x_wconf 88' lang='lat' dir='ltr'>locis</span> <span class='ocrx_word' id='word_1_196' title='bbox 1672 2029 2004 2105; x_wconf 88' lang='lat' dir='ltr'>quibusdam</span> <span class='ocrx_word' id='word_1_197' title='bbox 2038 2026 2359 2088; x_wconf 82' lang='lat' dir='ltr'>d-ecedatur3</span> <span class='ocrx_word' id='word_1_198' title='bbox 2378 2037 2443 2080; x_wconf 92' lang='lat' dir='ltr'>ut</span> <span class='ocrx_word' id='word_1_199' title='bbox 2463 2023 2666 2084; x_wconf 85' lang='lat' dir='ltr'>dentur</span> <span class='ocrx_word' id='word_1_200' title='bbox 2680 2042 2738 2083; x_wconf 83' lang='lat'>47</span> <span class='ocrx_word' id='word_1_201' title='bbox 2764 2031 2862 2084; x_wconf 79' lang='lat' dir='ltr'>ob-</span> 
     </span>
     <span class='ocr_line' id='line_1_22' title="bbox 856 2101 2863 2185; baseline -0.005 -15"><span class='ocrx_word' id='word_1_202' title='bbox 856 2111 1034 2179; x_wconf 82' lang='lat' dir='ltr'>fides,</span> <span class='ocrx_word' id='word_1_203' title='bbox 1076 2110 1400 2185; x_wconf 79' lang='lat' dir='ltr'>elephanti,</span> <span class='ocrx_word' id='word_1_204' title='bbox 1439 2126 1628 2165; x_wconf 74' lang='lat' dir='ltr'>naves,</span> <span class='ocrx_word' id='word_1_205' title='bbox 1716 2105 2011 2163; x_wconf 82' lang='lat' dir='ltr'>Manen-tia</span> <span class='ocrx_word' id='word_1_206' title='bbox 2035 2145 2049 2173; x_wconf 89' lang='lat'>,</span> <span class='ocrx_word' id='word_1_207' title='bbox 2091 2115 2154 2159; x_wconf 94' lang='lat' dir='ltr'>ut</span> <span class='ocrx_word' id='word_1_208' title='bbox 2191 2102 2262 2159; x_wconf 89' lang='lat' dir='ltr'>de</span> <span class='ocrx_word' id='word_1_209' title='bbox 2295 2101 2532 2175; x_wconf 87' lang='lat' dir='ltr'>imperio</span> <span class='ocrx_word' id='word_1_210' title='bbox 2571 2119 2633 2159; x_wconf 90' lang='lat' dir='ltr'>ac</span> <span class='ocrx_word' id='word_1_211' title='bbox 2663 2114 2722 2159; x_wconf 79' lang='lat'>48</span> <span class='ocrx_word' id='word_1_212' title='bbox 2753 2121 2863 2159; x_wconf 83' lang='lat' dir='ltr'>ma.-</span> 
     </span>
     <span class='ocr_line' id='line_1_23' title="bbox 850 2178 2862 2259; baseline -0.004 -15"><span class='ocrx_word' id='word_1_213' title='bbox 850 2187 1044 2259; x_wconf 82' lang='lat' dir='ltr'>jestate</span> <span class='ocrx_word' id='word_1_214' title='bbox 1076 2188 1313 2245; x_wconf 88' lang='lat' dir='ltr'>comiter</span> <span class='ocrx_word' id='word_1_215' title='bbox 1339 2184 1611 2251; x_wconf 89' lang='lat' dir='ltr'>colenda,</span> <span class='ocrx_word' id='word_1_216' title='bbox 1654 2183 1806 2252; x_wconf 89' lang='lat' dir='ltr'>cujus</span> <span class='ocrx_word' id='word_1_217' title='bbox 1846 2180 2048 2237; x_wconf 87' lang='lat' dir='ltr'>federis</span> <span class='ocrx_word' id='word_1_218' title='bbox 2090 2197 2211 2250; x_wconf 82' lang='lat' dir='ltr'>quae</span> <span class='ocrx_word' id='word_1_219' title='bbox 2251 2178 2316 2234; x_wconf 87' lang='lat' dir='ltr'>sit</span> <span class='ocrx_word' id='word_1_220' title='bbox 2344 2178 2426 2233; x_wconf 89' lang='lat' dir='ltr'>vis</span> <span class='ocrx_word' id='word_1_221' title='bbox 2461 2191 2522 2243; x_wconf 59' lang='lat'>49</span> <span class='ocrx_word' id='word_1_222' title='bbox 2558 2179 2690 2235; x_wconf 87' lang='lat' dir='ltr'>alibi</span> <span class='ocrx_word' id='word_1_223' title='bbox 2722 2179 2862 2236; x_wconf 76' lang='lat' dir='ltr'>dixi·-</span> 
     </span>
     <span class='ocr_line' id='line_1_24' title="bbox 853 2253 2858 2335; baseline -0.006 -12"><span class='ocrx_word' id='word_1_224' title='bbox 853 2282 996 2323; x_wconf 88' lang='lat' dir='ltr'>mus.</span> <span class='ocrx_word' id='word_1_225' title='bbox 1075 2264 1225 2320; x_wconf 84' lang='lat' dir='ltr'>Huic</span> <span class='ocrx_word' id='word_1_226' title='bbox 1248 2261 1571 2335; x_wconf 75' lang='lat' dir='ltr'>proximum</span> <span class='ocrx_word' id='word_1_227' title='bbox 1592 2260 1669 2316; x_wconf 87' lang='lat' dir='ltr'>est</span> <span class='ocrx_word' id='word_1_228' title='bbox 1699 2270 1760 2314; x_wconf 92' lang='lat' dir='ltr'>ut</span> <span class='ocrx_word' id='word_1_229' title='bbox 1786 2274 1842 2313; x_wconf 84' lang='lat'>50</span> <span class='ocrx_word' id='word_1_230' title='bbox 1866 2256 2055 2314; x_wconf 87' lang='lat' dir='ltr'>hostes</span> <span class='ocrx_word' id='word_1_231' title='bbox 2081 2254 2133 2311; x_wconf 84' lang='lat'>&amp;</span> <span class='ocrx_word' id='word_1_232' title='bbox 2173 2253 2335 2311; x_wconf 85' lang='lat' dir='ltr'>amici</span> <span class='ocrx_word' id='word_1_233' title='bbox 2368 2253 2680 2310; x_wconf 83' lang='lat' dir='ltr'>habeantur</span> <span class='ocrx_word' id='word_1_234' title='bbox 2712 2272 2858 2327; x_wconf 83' lang='lat' dir='ltr'>quos</span> 
     </span>
    </p>

    <p class='ocr_par' dir='ltr' id='par_1_4' title="bbox 776 2329 2860 2791">
     <span class='ocr_line' id='line_1_25' title="bbox 776 2329 2860 2412; baseline -0.006 -14"><span class='ocrx_word' id='word_1_235' title='bbox 776 2400 781 2404; x_wconf 71' lang='grc'><strong>,</strong></span> <span class='ocrx_word' id='word_1_236' title='bbox 846 2339 988 2397; x_wconf 83' lang='lat' dir='ltr'>velit</span> <span class='ocrx_word' id='word_1_237' title='bbox 1027 2341 1268 2412; x_wconf 85' lang='lat' dir='ltr'>partium</span> <span class='ocrx_word' id='word_1_238' title='bbox 1296 2337 1497 2395; x_wconf 88' lang='lat' dir='ltr'>altera:</span> <span class='ocrx_word' id='word_1_239' title='bbox 1544 2354 1615 2393; x_wconf 91' lang='lat' dir='ltr'>ne</span> <span class='ocrx_word' id='word_1_240' title='bbox 1655 2336 1743 2393; x_wconf 89' lang='lat' dir='ltr'>cui</span> <span class='ocrx_word' id='word_1_241' title='bbox 1774 2333 2082 2402; x_wconf 80' lang='lat' dir='ltr'>exercitui,</span> <span class='ocrx_word' id='word_1_242' title='bbox 2146 2332 2236 2388; x_wconf 87' lang='lat' dir='ltr'>cui</span> <span class='ocrx_word' id='word_1_243' title='bbox 2268 2346 2398 2387; x_wconf 89' lang='lat' dir='ltr'>cum</span> <span class='ocrx_word' id='word_1_244' title='bbox 2427 2329 2605 2398; x_wconf 84' lang='lat' dir='ltr'>altero</span> <span class='ocrx_word' id='word_1_245' title='bbox 2648 2332 2860 2387; x_wconf 90' lang='lat' dir='ltr'>bellum</span> 
     </span>
     <span class='ocr_line' id='line_1_26' title="bbox 854 2404 2853 2489; baseline -0.005 -17"><span class='ocrx_word' id='word_1_246' title='bbox 854 2417 951 2484; x_wconf 85' lang='lat' dir='ltr'>fit,</span> <span class='ocrx_word' id='word_1_247' title='bbox 996 2433 1094 2489; x_wconf 85' lang='lat' dir='ltr'>per</span> <span class='ocrx_word' id='word_1_248' title='bbox 1121 2416 1259 2472; x_wconf 87' lang='lat' dir='ltr'>fines</span> <span class='ocrx_word' id='word_1_249' title='bbox 1288 2415 1541 2471; x_wconf 78' lang='lat' dir='ltr'>transitus</span> <span class='ocrx_word' id='word_1_250' title='bbox 1578 2422 1998 2470; x_wconf 84' lang='lat' dir='ltr'>commeatusve</span> <span class='ocrx_word' id='word_1_251' title='bbox 2030 2407 2211 2470; x_wconf 90' lang='lat' dir='ltr'>detur.</span> <span class='ocrx_word' id='word_1_252' title='bbox 2287 2409 2441 2463; x_wconf 91' lang='lat' dir='ltr'>Tum</span> <span class='ocrx_word' id='word_1_253' title='bbox 2474 2404 2566 2461; x_wconf 85' lang='lat' dir='ltr'>illa</span> <span class='ocrx_word' id='word_1_254' title='bbox 2598 2407 2853 2475; x_wconf 85' lang='lat' dir='ltr'>minora,</span> 
     </span>
     <span class='ocr_line' id='line_1_27' title="bbox 847 2481 2853 2556; baseline -0.007 -6"><span class='ocrx_word' id='word_1_255' title='bbox 847 2509 922 2551; x_wconf 87' lang='lat' dir='ltr'>ne</span> <span class='ocrx_word' id='word_1_256' title='bbox 962 2507 1114 2547; x_wconf 86' lang='lat' dir='ltr'>arces</span> <span class='ocrx_word' id='word_1_257' title='bbox 1149 2490 1314 2547; x_wconf 86' lang='lat' dir='ltr'>certis</span> <span class='ocrx_word' id='word_1_258' title='bbox 1345 2491 1488 2550; x_wconf 87' lang='lat' dir='ltr'>locis</span> <span class='ocrx_word' id='word_1_259' title='bbox 1520 2489 1823 2556; x_wconf 66' lang='lat' dir='ltr'>aedificare,</span> <span class='ocrx_word' id='word_1_260' title='bbox 1867 2503 1940 2541; x_wconf 90' lang='lat' dir='ltr'>ne</span> <span class='ocrx_word' id='word_1_261' title='bbox 1965 2485 2276 2541; x_wconf 81' lang='lat' dir='ltr'>exercitum</span> <span class='ocrx_word' id='word_1_262' title='bbox 2318 2481 2525 2538; x_wconf 88' lang='lat' dir='ltr'>ducere</span> <span class='ocrx_word' id='word_1_263' title='bbox 2547 2526 2561 2550; x_wconf 92' lang='lat'>,</span> <span class='ocrx_word' id='word_1_264' title='bbox 2589 2499 2660 2538; x_wconf 86' lang='lat' dir='ltr'>ne</span> <span class='ocrx_word' id='word_1_265' title='bbox 2683 2499 2853 2538; x_wconf 87' lang='lat' dir='ltr'>naves</span> 
     </span>
     <span class='ocr_line' id='line_1_28' title="bbox 852 2556 2854 2629; baseline -0.009 -4"><span class='ocrx_word' id='word_1_266' title='bbox 852 2569 1060 2625; x_wconf 87' lang='lat' dir='ltr'>habere</span> <span class='ocrx_word' id='word_1_267' title='bbox 1092 2565 1234 2623; x_wconf 88' lang='lat' dir='ltr'>ultra</span> <span class='ocrx_word' id='word_1_268' title='bbox 1272 2583 1565 2622; x_wconf 90' lang='lat' dir='ltr'>numerum</span> <span class='ocrx_word' id='word_1_269' title='bbox 1596 2564 1919 2629; x_wconf 87' lang='lat' dir='ltr'>definitum,</span> <span class='ocrx_word' id='word_1_270' title='bbox 1981 2577 2053 2616; x_wconf 89' lang='lat' dir='ltr'>ne</span> <span class='ocrx_word' id='word_1_271' title='bbox 2093 2563 2290 2625; x_wconf 86' lang='lat' dir='ltr'>urbem</span> <span class='ocrx_word' id='word_1_272' title='bbox 2326 2556 2608 2627; x_wconf 88' lang='lat' dir='ltr'>condere,</span> <span class='ocrx_word' id='word_1_273' title='bbox 2652 2575 2723 2613; x_wconf 86' lang='lat' dir='ltr'>ne</span> <span class='ocrx_word' id='word_1_274' title='bbox 2761 2572 2854 2609; x_wconf 86' lang='lat' dir='ltr'>na-</span> 
     </span>
     <span class='ocr_line' id='line_1_29' title="bbox 851 2628 2851 2715; baseline -0.008 -15"><span class='ocrx_word' id='word_1_275' title='bbox 851 2645 1040 2715; x_wconf 81' lang='lat' dir='ltr'>vigare</span> <span class='ocrx_word' id='word_1_276' title='bbox 1067 2687 1081 2710; x_wconf 90' lang='lat'>,</span> <span class='ocrx_word' id='word_1_277' title='bbox 1123 2659 1195 2698; x_wconf 91' lang='lat' dir='ltr'>ne</span> <span class='ocrx_word' id='word_1_278' title='bbox 1237 2642 1472 2697; x_wconf 87' lang='lat' dir='ltr'>militem</span> <span class='ocrx_word' id='word_1_279' title='bbox 1506 2642 1668 2697; x_wconf 83' lang='lat' dir='ltr'>certis</span> <span class='ocrx_word' id='word_1_280' title='bbox 1719 2640 1857 2695; x_wconf 84' lang='lat' dir='ltr'>locis</span> <span class='ocrx_word' id='word_1_281' title='bbox 1908 2635 2260 2693; x_wconf 86' lang='lat' dir='ltr'>conscribere</span> <span class='ocrx_word' id='word_1_282' title='bbox 2306 2634 2500 2691; x_wconf 83' lang='lat' dir='ltr'>liceat:</span> <span class='ocrx_word' id='word_1_283' title='bbox 2559 2649 2630 2687; x_wconf 91' lang='lat' dir='ltr'>ne</span> <span class='ocrx_word' id='word_1_284' title='bbox 2669 2628 2851 2684; x_wconf 81' lang='lat' dir='ltr'>socios</span> 
     </span>
     <span class='ocr_line' id='line_1_30' title="bbox 854 2704 2849 2791; baseline -0.011 -14"><span class='ocrx_word' id='word_1_285' title='bbox 854 2735 1223 2791; x_wconf 83' lang='lat' dir='ltr'>oppugnare:</span> <span class='ocrx_word' id='word_1_286' title='bbox 1273 2734 1344 2773; x_wconf 90' lang='lat' dir='ltr'>ne</span> <span class='ocrx_word' id='word_1_287' title='bbox 1381 2728 1701 2775; x_wconf 89' lang='lat' dir='ltr'>commeatu</span> <span class='ocrx_word' id='word_1_288' title='bbox 1734 2715 1918 2772; x_wconf 82' lang='lat' dir='ltr'>hostes</span> <span class='ocrx_word' id='word_1_289' title='bbox 1947 2715 2172 2782; x_wconf 81' lang='lat' dir='ltr'>juvare:</span> <span class='ocrx_word' id='word_1_290' title='bbox 2217 2728 2287 2766; x_wconf 89' lang='lat' dir='ltr'>ne</span> <span class='ocrx_word' id='word_1_291' title='bbox 2336 2710 2587 2776; x_wconf 86' lang='lat' dir='ltr'>recipere</span> <span class='ocrx_word' id='word_1_292' title='bbox 2619 2718 2718 2757; x_wconf 90' lang='lat' dir='ltr'>eos</span> <span class='ocrx_word' id='word_1_293' title='bbox 2752 2704 2849 2774; x_wconf 88' lang='lat' dir='ltr'>qui</span> 
     </span>
    </p>
   </div>
   <div class='ocr_carea' id='block_1_3' title="bbox 856 2775 2855 2925">
    <p class='ocr_par' dir='ltr' id='par_1_5' title="bbox 856 2775 2855 2925">
     <span class='ocr_line' id='line_1_31' title="bbox 856 2775 2843 2869; baseline -0.01 -17"><span class='ocrx_word' id='word_1_294' title='bbox 856 2795 1079 2852; x_wconf 78' lang='lat' dir='ltr'>aliunde</span> <span class='ocrx_word' id='word_1_295' title='bbox 1111 2794 1379 2869; x_wconf 83' lang='lat' dir='ltr'>veniunt:</span> <span class='ocrx_word' id='word_1_296' title='bbox 1433 2806 1499 2866; x_wconf 86' lang='lat' dir='ltr'>ut</span> <span class='ocrx_word' id='word_1_297' title='bbox 1527 2794 1716 2867; x_wconf 87' lang='lat' dir='ltr'>federa</span> <span class='ocrx_word' id='word_1_298' title='bbox 1752 2792 1902 2866; x_wconf 86' lang='lat' dir='ltr'>prius</span> <span class='ocrx_word' id='word_1_299' title='bbox 1951 2789 2091 2862; x_wconf 68' lang='lat' dir='ltr'>faeta</span> <span class='ocrx_word' id='word_1_300' title='bbox 2144 2803 2272 2844; x_wconf 88' lang='lat' dir='ltr'>cum</span> <span class='ocrx_word' id='word_1_301' title='bbox 2316 2783 2433 2838; x_wconf 85' lang='lat' dir='ltr'>aliis</span> <span class='ocrx_word' id='word_1_302' title='bbox 2484 2775 2843 2833; x_wconf 77' lang='lat' dir='ltr'>dirimantur:</span> 
     </span>
     <span class='ocr_line' id='line_1_32' title="bbox 2714 2869 2855 2925; baseline -0.007 0"><span class='ocrx_word' id='word_1_303' title='bbox 2714 2869 2855 2925; x_wconf 77' lang='lat' dir='ltr'><strong>qUQ·</strong></span> 
     </span>
    </p>
   </div>
   <div class='ocr_carea' id='block_1_4' title="bbox 849 3023 2856 3730">
    <p class='ocr_par' dir='ltr' id='par_1_6' title="bbox 849 3023 2856 3730">
     <span class='ocr_line' id='line_1_33' title="bbox 1079 3023 2850 3096; baseline -0.01 -5"><span class='ocrx_word' id='word_1_304' title='bbox 1079 3048 1125 3093; x_wconf 91' lang='lat' dir='ltr'>G</span> <span class='ocrx_word' id='word_1_305' title='bbox 1159 3054 1195 3090; x_wconf 71' lang='grc' dir='ltr'>Β</span> <span class='ocrx_word' id='word_1_306' title='bbox 1230 3041 1272 3093; x_wconf 79' lang='lat' dir='ltr'>d</span> <span class='ocrx_word' id='word_1_307' title='bbox 1303 3056 1343 3093; x_wconf 78' lang='lat' dir='ltr'>N</span> <span class='ocrx_word' id='word_1_308' title='bbox 1380 3056 1414 3094; x_wconf 87' lang='grc' dir='ltr'>ο</span> <span class='ocrx_word' id='word_1_309' title='bbox 1449 3058 1485 3095; x_wconf 78' lang='lat' dir='ltr'>v</span> <span class='ocrx_word' id='word_1_310' title='bbox 1516 3058 1537 3094; x_wconf 86' lang='lat'>1</span> <span class='ocrx_word' id='word_1_311' title='bbox 1569 3060 1611 3096; x_wconf 84' lang='lat'>1.</span> <span class='ocrx_word' id='word_1_312' title='bbox 1946 3051 2009 3090; x_wconf 85' lang='lat'>44</span> <span class='ocrx_word' id='word_1_313' title='bbox 2043 3025 2334 3096; x_wconf 64' lang='lat' dir='ltr'>Defhlvendq</span> <span class='ocrx_word' id='word_1_314' title='bbox 2349 3023 2588 3088; x_wconf 81' lang='lat' dir='ltr'>stipendio]</span> <span class='ocrx_word' id='word_1_315' title='bbox 2623 3030 2683 3071; x_wconf 90' lang='lat' dir='ltr'>Ut</span> <span class='ocrx_word' id='word_1_316' title='bbox 2712 3024 2850 3089; x_wconf 90' lang='lat' dir='ltr'>quod</span> 
     </span>
     <span class='ocr_line' id='line_1_34' title="bbox 1883 3088 2853 3162; baseline -0.012 -17"><span class='ocrx_word' id='word_1_317' title='bbox 1883 3113 1972 3162; x_wconf 89' lang='lat' dir='ltr'>pro</span> <span class='ocrx_word' id='word_1_318' title='bbox 1999 3098 2083 3143; x_wconf 84' lang='lat' dir='ltr'>hac</span> <span class='ocrx_word' id='word_1_319' title='bbox 2113 3090 2421 3153; x_wconf 76' lang='lat' dir='ltr'>expeditione</span> <span class='ocrx_word' id='word_1_320' title='bbox 2457 3091 2605 3136; x_wconf 84' lang='lat' dir='ltr'>militi</span> <span class='ocrx_word' id='word_1_321' title='bbox 2633 3088 2853 3149; x_wconf 84' lang='lat' dir='ltr'>debetur,</span> 
     </span>
     <span class='ocr_line' id='line_1_35' title="bbox 916 3150 2849 3229; baseline -0.015 -5"><span class='ocrx_word' id='word_1_322' title='bbox 916 3187 971 3226; x_wconf 78' lang='lat'>³9</span> <span class='ocrx_word' id='word_1_323' title='bbox 1009 3175 1101 3219; x_wconf 83' lang='lat' dir='ltr'>Nec</span> <span class='ocrx_word' id='word_1_324' title='bbox 1140 3171 1241 3229; x_wconf 81' lang='lat' dir='ltr'>resti</span> <span class='ocrx_word' id='word_1_325' title='bbox 1273 3171 1446 3221; x_wconf 76' lang='lat' dir='ltr'>aletur}</span> <span class='ocrx_word' id='word_1_326' title='bbox 1510 3171 1614 3212; x_wconf 88' lang='lat' dir='ltr'>Nec</span> <span class='ocrx_word' id='word_1_327' title='bbox 1667 3173 1831 3211; x_wconf 80' lang='lat' dir='ltr'>caveat</span> <span class='ocrx_word' id='word_1_328' title='bbox 1883 3155 2333 3224; x_wconf 47' lang='lat' dir='ltr'>dependatuuLiv.</span> <span class='ocrx_word' id='word_1_329' title='bbox 2365 3166 2386 3204; x_wconf 88' lang='lat'><em>5</em></span> <span class='ocrx_word' id='word_1_330' title='bbox 2408 3187 2424 3211; x_wconf 90' lang='lat'>,</span> <span class='ocrx_word' id='word_1_331' title='bbox 2459 3167 2532 3209; x_wconf 84' lang='lat'>27.</span> <span class='ocrx_word' id='word_1_332' title='bbox 2566 3150 2651 3198; x_wconf 75' lang='lat' dir='ltr'>lib,</span> <span class='ocrx_word' id='word_1_333' title='bbox 2684 3164 2741 3211; x_wconf 78' lang='lat'>8,</span> <span class='ocrx_word' id='word_1_334' title='bbox 2776 3163 2849 3206; x_wconf 78' lang='lat'>36·</span> 
     </span>
     <span class='ocr_line' id='line_1_36' title="bbox 855 3183 2456 3293; baseline -0.014 -12"><span class='ocrx_word' id='word_1_335' title='bbox 855 3235 1026 3281; x_wconf 85' lang='lat' dir='ltr'>eadem</span> <span class='ocrx_word' id='word_1_336' title='bbox 1054 3231 1187 3279; x_wconf 88' lang='lat' dir='ltr'>reddi</span> <span class='ocrx_word' id='word_1_337' title='bbox 1217 3183 1337 3288; x_wconf 47' lang='lat' dir='ltr'>(fiai,</span> <span class='ocrx_word' id='word_1_338' title='bbox 1387 3228 1422 3276; x_wconf 84' lang='lat' dir='ltr'>fi</span> <span class='ocrx_word' id='word_1_339' title='bbox 1455 3243 1557 3293; x_wconf 87' lang='lat' dir='ltr'>quo</span> <span class='ocrx_word' id='word_1_340' title='bbox 1595 3226 1700 3276; x_wconf 84' lang='lat' dir='ltr'>casu</span> <span class='ocrx_word' id='word_1_341' title='bbox 1743 3240 1831 3288; x_wconf 85' lang='lat' dir='ltr'>op·</span> <span class='ocrx_word' id='word_1_342' title='bbox 1884 3222 1969 3268; x_wconf 88' lang='lat' dir='ltr'>lib.</span> <span class='ocrx_word' id='word_1_343' title='bbox 1993 3231 2145 3277; x_wconf 81' lang='lat' dir='ltr'>9‚4z.</span> <span class='ocrx_word' id='word_1_344' title='bbox 2171 3213 2270 3289; x_wconf 70' lang='lat' dir='ltr'>,¹¹b·</span> <span class='ocrx_word' id='word_1_345' title='bbox 2302 3229 2382 3288; x_wconf 73' lang='lat' dir='ltr'>ro,</span> <span class='ocrx_word' id='word_1_346' title='bbox 2414 3231 2456 3268; x_wconf 83' lang='lat'>5·</span> 
     </span>
     <span class='ocr_line' id='line_1_37' title="bbox 849 3274 2846 3361; baseline -0.011 -18"><span class='ocrx_word' id='word_1_347' title='bbox 849 3307 1111 3361; x_wconf 79' lang='lat' dir='ltr'>pugnetur.</span> <span class='ocrx_word' id='word_1_348' title='bbox 1942 3297 1998 3339; x_wconf 87' lang='lat'>45</span> <span class='ocrx_word' id='word_1_349' title='bbox 2037 3280 2255 3327; x_wconf 80' lang='lat' dir='ltr'>Maembus</span> <span class='ocrx_word' id='word_1_350' title='bbox 2295 3274 2549 3338; x_wconf 77' lang='lat' dir='ltr'>dzruendis]</span> <span class='ocrx_word' id='word_1_351' title='bbox 2599 3278 2725 3323; x_wconf 46' lang='lat' dir='ltr'>&lt;Liv0</span> <span class='ocrx_word' id='word_1_352' title='bbox 2762 3293 2846 3334; x_wconf 84' lang='lat'>34,</span> 
     </span>
     <span class='ocr_line' id='line_1_38' title="bbox 915 3345 2452 3417; baseline -0.01 -16"><span class='ocrx_word' id='word_1_353' title='bbox 915 3375 977 3415; x_wconf 78' lang='lat'>40</span> <span class='ocrx_word' id='word_1_354' title='bbox 1012 3349 1107 3405; x_wconf 74' lang='lat' dir='ltr'>Aut</span> <span class='ocrx_word' id='word_1_355' title='bbox 1129 3356 1331 3413; x_wconf 78' lang='lat' dir='ltr'>majora]</span> <span class='ocrx_word' id='word_1_356' title='bbox 1363 3360 1425 3400; x_wconf 87' lang='lat' dir='ltr'>Ut</span> <span class='ocrx_word' id='word_1_357' title='bbox 1454 3352 1632 3417; x_wconf 82' lang='lat' dir='ltr'>praestet</span> <span class='ocrx_word' id='word_1_358' title='bbox 1646 3346 1831 3413; x_wconf 82' lang='lat' dir='ltr'>aliquid</span> <span class='ocrx_word' id='word_1_359' title='bbox 1890 3364 1962 3407; x_wconf 88' lang='lat'>17.</span> <span class='ocrx_word' id='word_1_360' title='bbox 2387 3345 2389 3349; x_wconf 83' lang='grc'><strong>“</strong></span> <span class='ocrx_word' id='word_1_361' title='bbox 2449 3352 2452 3358; x_wconf 82' lang='grc'><em>’</em></span> 
     </span>
     <span class='ocr_line' id='line_1_39' title="bbox 852 3402 2854 3486; baseline -0.01 -18"><span class='ocrx_word' id='word_1_362' title='bbox 852 3435 944 3486; x_wconf 82' lang='lat' dir='ltr'>pro</span> <span class='ocrx_word' id='word_1_363' title='bbox 1002 3419 1264 3474; x_wconf 78' lang='lat' dir='ltr'>majoribus</span> <span class='ocrx_word' id='word_1_364' title='bbox 1319 3416 1496 3463; x_wconf 81' lang='lat' dir='ltr'>viribus</span> <span class='ocrx_word' id='word_1_365' title='bbox 1538 3415 1828 3479; x_wconf 78' lang='lat' dir='ltr'>potentior,</span> <span class='ocrx_word' id='word_1_366' title='bbox 1944 3419 2004 3464; x_wconf 82' lang='lat'>46</span> <span class='ocrx_word' id='word_1_367' title='bbox 2041 3409 2101 3455; x_wconf 81' lang='lat' dir='ltr'>Ut</span> <span class='ocrx_word' id='word_1_368' title='bbox 2132 3406 2231 3452; x_wconf 74' lang='lat' dir='ltr'>locis</span> <span class='ocrx_word' id='word_1_369' title='bbox 2260 3402 2551 3467; x_wconf 73' lang='lat' dir='ltr'>quibusdam]</span> <span class='ocrx_word' id='word_1_370' title='bbox 2587 3404 2854 3465; x_wconf 84' lang='lat' dir='ltr'>Liv.8‚11.</span> 
     </span>
     <span class='ocr_line' id='line_1_40' title="bbox 856 3468 2594 3551; baseline -0.012 -20"><span class='ocrx_word' id='word_1_371' title='bbox 856 3483 993 3551; x_wconf 86' lang='lat' dir='ltr'>quod</span> <span class='ocrx_word' id='word_1_372' title='bbox 1018 3485 1139 3529; x_wconf 85' lang='lat' dir='ltr'>alter</span> <span class='ocrx_word' id='word_1_373' title='bbox 1162 3497 1261 3529; x_wconf 79' lang='lat' dir='ltr'>non</span> <span class='ocrx_word' id='word_1_374' title='bbox 1291 3479 1489 3542; x_wconf 67' lang='lat' dir='ltr'>praestet.</span> <span class='ocrx_word' id='word_1_375' title='bbox 1885 3472 1967 3521; x_wconf 81' lang='lat' dir='ltr'>lib.</span> <span class='ocrx_word' id='word_1_376' title='bbox 1988 3487 2041 3528; x_wconf 89' lang='lat'>27</span> <span class='ocrx_word' id='word_1_377' title='bbox 2060 3505 2076 3528; x_wconf 76' lang='lat'>‚</span> <span class='ocrx_word' id='word_1_378' title='bbox 2094 3484 2173 3524; x_wconf 86' lang='lat'>45-</span> <span class='ocrx_word' id='word_1_379' title='bbox 2208 3468 2294 3516; x_wconf 81' lang='lat' dir='ltr'>lib.</span> <span class='ocrx_word' id='word_1_380' title='bbox 2318 3484 2399 3526; x_wconf 87' lang='lat'>37,</span> <span class='ocrx_word' id='word_1_381' title='bbox 2420 3483 2499 3523; x_wconf 87' lang='lat'>45.</span> <span class='ocrx_word' id='word_1_382' title='bbox 2591 3474 2594 3478; x_wconf 69' lang='grc'><em>“</em></span> 
     </span>
     <span class='ocr_line' id='line_1_41' title="bbox 918 3528 2856 3605; baseline -0.01 -11"><span class='ocrx_word' id='word_1_383' title='bbox 918 3549 978 3603; x_wconf 65' lang='grc'>’41</span> <span class='ocrx_word' id='word_1_384' title='bbox 1018 3548 1098 3592; x_wconf 65' lang='lat' dir='ltr'>Tot*</span> <span class='ocrx_word' id='word_1_385' title='bbox 1126 3546 1211 3595; x_wconf 59' lang='grc' dir='ltr'>«τὶς</span> <span class='ocrx_word' id='word_1_386' title='bbox 1242 3543 1424 3605; x_wconf 61' lang='lat' dir='ltr'>{ri-{pass</span> <span class='ocrx_word' id='word_1_387' title='bbox 1457 3549 1510 3590; x_wconf 85' lang='lat' dir='ltr'>In</span> <span class='ocrx_word' id='word_1_388' title='bbox 1540 3538 1718 3604; x_wconf 84' lang='lat' dir='ltr'>quibus</span> <span class='ocrx_word' id='word_1_389' title='bbox 1761 3537 1830 3585; x_wconf 78' lang='lat' dir='ltr'>al-</span> <span class='ocrx_word' id='word_1_390' title='bbox 1944 3552 2002 3593; x_wconf 87' lang='lat'>47</span> <span class='ocrx_word' id='word_1_391' title='bbox 2040 3528 2240 3592; x_wconf 79' lang='lat' dir='ltr'>Obfides,</span> <span class='ocrx_word' id='word_1_392' title='bbox 2273 3531 2517 3597; x_wconf 75' lang='lat' dir='ltr'>elephanti,</span> <span class='ocrx_word' id='word_1_393' title='bbox 2544 3532 2713 3584; x_wconf 80' lang='lat' dir='ltr'>naves]</span> <span class='ocrx_word' id='word_1_394' title='bbox 2749 3528 2856 3576; x_wconf 65' lang='grc' dir='ltr'><strong><em>[η’-υ.</em></strong></span> 
     </span>
     <span class='ocr_line' id='line_1_42' title="bbox 862 3595 2413 3675; baseline -0.012 -16"><span class='ocrx_word' id='word_1_395' title='bbox 862 3622 963 3658; x_wconf 81' lang='lat' dir='ltr'>tera</span> <span class='ocrx_word' id='word_1_396' title='bbox 988 3624 1090 3675; x_wconf 83' lang='lat' dir='ltr'>pars</span> <span class='ocrx_word' id='word_1_397' title='bbox 1122 3612 1226 3672; x_wconf 81' lang='lat' dir='ltr'>pius</span> <span class='ocrx_word' id='word_1_398' title='bbox 1251 3623 1390 3671; x_wconf 74' lang='lat' dir='ltr'>atquo</span> <span class='ocrx_word' id='word_1_399' title='bbox 1419 3605 1721 3668; x_wconf 84' lang='lat' dir='ltr'>deprimitur.</span> <span class='ocrx_word' id='word_1_400' title='bbox 1891 3617 1977 3658; x_wconf 86' lang='lat'>30,</span> <span class='ocrx_word' id='word_1_401' title='bbox 1999 3612 2069 3656; x_wconf 86' lang='lat'>37.</span> <span class='ocrx_word' id='word_1_402' title='bbox 2105 3595 2188 3643; x_wconf 83' lang='lat' dir='ltr'>lib.</span> <span class='ocrx_word' id='word_1_403' title='bbox 2231 3607 2283 3647; x_wconf 71' lang='lat'>38</span> <span class='ocrx_word' id='word_1_404' title='bbox 2303 3629 2318 3655; x_wconf 89' lang='lat'>,</span> <span class='ocrx_word' id='word_1_405' title='bbox 2341 3608 2413 3647; x_wconf 83' lang='lat'>38.</span> 
     </span>
     <span class='ocr_line' id='line_1_43' title="bbox 928 3656 2856 3730; baseline -0.011 -9"><span class='ocrx_word' id='word_1_406' title='bbox 928 3691 987 3730; x_wconf 84' lang='lat'>42</span> <span class='ocrx_word' id='word_1_407' title='bbox 1021 3672 1203 3720; x_wconf 79' lang='lat' dir='ltr'>Deditio</span> <span class='ocrx_word' id='word_1_408' title='bbox 1230 3670 1559 3729; x_wconf 80' lang='lat' dir='ltr'>conditionata]</span> <span class='ocrx_word' id='word_1_409' title='bbox 1628 3663 1721 3713; x_wconf 86' lang='lat' dir='ltr'>Sub</span> <span class='ocrx_word' id='word_1_410' title='bbox 1749 3662 1831 3710; x_wconf 87' lang='lat' dir='ltr'>de·</span> <span class='ocrx_word' id='word_1_411' title='bbox 1943 3675 2001 3721; x_wconf 71' lang='lat'>43</span> <span class='ocrx_word' id='word_1_412' title='bbox 2040 3660 2284 3719; x_wconf 73' lang='lat' dir='ltr'>Majestate</span> <span class='ocrx_word' id='word_1_413' title='bbox 2317 3659 2517 3713; x_wconf 77' lang='lat' dir='ltr'>comiter]</span> <span class='ocrx_word' id='word_1_414' title='bbox 2554 3656 2656 3702; x_wconf 80' lang='lat' dir='ltr'>Liv.</span> <span class='ocrx_word' id='word_1_415' title='bbox 2680 3665 2731 3707; x_wconf 82' lang='lat'>38</span> <span class='ocrx_word' id='word_1_416' title='bbox 2750 3688 2766 3719; x_wconf 79' lang='lat'>,</span> <span class='ocrx_word' id='word_1_417' title='bbox 2785 3667 2856 3701; x_wconf 88' lang='lat'>11.</span> 
     </span>
    </p>
   </div>
   <div class='ocr_carea' id='block_1_5' title="bbox 872 3721 2494 3843">
    <p class='ocr_par' dir='ltr' id='par_1_7' title="bbox 872 3721 2494 3843">
     <span class='ocr_line' id='line_1_44' title="bbox 872 3721 2373 3800; baseline -0.008 -21"><span class='ocrx_word' id='word_1_418' title='bbox 872 3735 1057 3784; x_wconf 84' lang='lat' dir='ltr'>ditione</span> <span class='ocrx_word' id='word_1_419' title='bbox 1093 3734 1344 3797; x_wconf 80' lang='lat' dir='ltr'>&amp;juribus</span> <span class='ocrx_word' id='word_1_420' title='bbox 1371 3730 1663 3800; x_wconf 85' lang='lat' dir='ltr'>quibusdam</span> <span class='ocrx_word' id='word_1_421' title='bbox 1688 3726 1828 3775; x_wconf 79' lang='lat' dir='ltr'>teser·</span> <span class='ocrx_word' id='word_1_422' title='bbox 1885 3727 1977 3773; x_wconf 84' lang='lat' dir='ltr'>Cic.</span> <span class='ocrx_word' id='word_1_423' title='bbox 2015 3740 2100 3789; x_wconf 87' lang='lat' dir='ltr'>pro</span> <span class='ocrx_word' id='word_1_424' title='bbox 2130 3721 2262 3770; x_wconf 85' lang='lat' dir='ltr'>Balb.</span> <span class='ocrx_word' id='word_1_425' title='bbox 2302 3731 2373 3768; x_wconf 89' lang='lat'>16.</span> 
     </span>
     <span class='ocr_line' id='line_1_45' title="bbox 872 3787 2494 3843; baseline -0.007 -2"><span class='ocrx_word' id='word_1_426' title='bbox 872 3801 1002 3843; x_wconf 76' lang='lat' dir='ltr'>vatis.</span> <span class='ocrx_word' id='word_1_427' title='bbox 1946 3806 2006 3843; x_wconf 82' lang='lat'>49</span> <span class='ocrx_word' id='word_1_428' title='bbox 2043 3787 2206 3842; x_wconf 80' lang='lat' dir='ltr'>Alibi]</span> <span class='ocrx_word' id='word_1_429' title='bbox 2243 3800 2259 3830; x_wconf 89' lang='lat'>1</span> <span class='ocrx_word' id='word_1_430' title='bbox 2284 3818 2299 3838; x_wconf 83' lang='lat'>‚</span> <span class='ocrx_word' id='word_1_431' title='bbox 2340 3802 2380 3838; x_wconf 85' lang='lat'>3.</span> <span class='ocrx_word' id='word_1_432' title='bbox 2419 3798 2494 3831; x_wconf 89' lang='lat'>21.</span> 
     </span>
    </p>
   </div>
   <div class='ocr_carea' id='block_1_6' title="bbox 864 3844 2855 3986">
    <p class='ocr_par' dir='ltr' id='par_1_8' title="bbox 864 3844 2855 3986">
     <span class='ocr_line' id='line_1_46' title="bbox 930 3844 2855 3924; baseline -0.013 -14"><span class='ocrx_word' id='word_1_433' title='bbox 930 3874 985 3913; x_wconf 81' lang='lat'>43</span> <span class='ocrx_word' id='word_1_434' title='bbox 1021 3861 1381 3909; x_wconf 76' lang='lat' dir='ltr'>Translationem</span> <span class='ocrx_word' id='word_1_435' title='bbox 1402 3859 1612 3924; x_wconf 73' lang='lat' dir='ltr'>imperii]</span> <span class='ocrx_word' id='word_1_436' title='bbox 1645 3853 1721 3902; x_wconf 84' lang='lat' dir='ltr'>Ab</span> <span class='ocrx_word' id='word_1_437' title='bbox 1748 3867 1831 3913; x_wconf 87' lang='lat' dir='ltr'>eo,</span> <span class='ocrx_word' id='word_1_438' title='bbox 1947 3869 2003 3906; x_wconf 86' lang='lat'>50</span> <span class='ocrx_word' id='word_1_439' title='bbox 2052 3850 2203 3913; x_wconf 81' lang='lat' dir='ltr'>Hostes</span> <span class='ocrx_word' id='word_1_440' title='bbox 2262 3844 2319 3897; x_wconf 63' lang='grc' dir='ltr'>ΕΤ</span> <span class='ocrx_word' id='word_1_441' title='bbox 2361 3848 2536 3910; x_wconf 80' lang='lat' dir='ltr'>amici]</span> <span class='ocrx_word' id='word_1_442' title='bbox 2603 3846 2707 3893; x_wconf 82' lang='lat' dir='ltr'>Liv.</span> <span class='ocrx_word' id='word_1_443' title='bbox 2764 3852 2855 3900; x_wconf 77' lang='lat'>38,</span> 
     </span>
     <span class='ocr_line' id='line_1_47' title="bbox 864 3917 1962 3986; baseline -0.007 -15"><span class='ocrx_word' id='word_1_444' title='bbox 864 3921 951 3984; x_wconf 85' lang='lat' dir='ltr'>qui</span> <span class='ocrx_word' id='word_1_445' title='bbox 980 3919 1027 3966; x_wconf 85' lang='lat' dir='ltr'>se</span> <span class='ocrx_word' id='word_1_446' title='bbox 1054 3923 1214 3980; x_wconf 79' lang='lat' dir='ltr'>dedi-t,</span> <span class='ocrx_word' id='word_1_447' title='bbox 1248 3924 1306 3973; x_wconf 80' lang='lat' dir='ltr'>ad</span> <span class='ocrx_word' id='word_1_448' title='bbox 1334 3938 1480 3986; x_wconf 76' lang='lat' dir='ltr'>eum,</span> <span class='ocrx_word' id='word_1_449' title='bbox 1510 3923 1586 3972; x_wconf 76' lang='lat' dir='ltr'>cui</span> <span class='ocrx_word' id='word_1_450' title='bbox 1617 3917 1830 3982; x_wconf 75' lang='lat' dir='ltr'>deditur,</span> <span class='ocrx_word' id='word_1_451' title='bbox 1892 3932 1962 3964; x_wconf 84' lang='lat'>11.</span> 
     </span>
    </p>
   </div>
   <div class='ocr_carea' id='block_1_7' title="bbox 867 3998 2868 4085">
    <p class='ocr_par' dir='ltr' id='par_1_9' title="bbox 867 3998 2868 4085">
     <span class='ocr_line' id='line_1_48' title="bbox 870 3998 1114 4040; baseline -0.041 1"><span class='ocrx_word' id='word_1_452' title='bbox 870 3999 927 4040; x_wconf 76' lang='lat'>2,</span> <span class='ocrx_word' id='word_1_453' title='bbox 961 3998 1005 4038; x_wconf 82' lang='lat'>5.</span> <span class='ocrx_word' id='word_1_454' title='bbox 1041 3998 1114 4038; x_wconf 75' lang='lat'>31.</span> 
     </span>
     <span class='ocr_line' id='line_1_49' title="bbox 867 4032 2868 4085; baseline -0.011 20"><span class='ocrx_word' id='word_1_455' title='bbox 867 4051 881 4056; x_wconf 68' lang='grc'><em>“</em></span> <span class='ocrx_word' id='word_1_456' title='bbox 1050 4045 1080 4056; x_wconf 71' lang='grc'><em>“</em></span> <span class='ocrx_word' id='word_1_457' title='bbox 2696 4032 2868 4085; x_wconf 68' lang='lat' dir='ltr'>Gno-</span> 
     </span>
    </p>
   </div>
  </div>
 </body>
</html>
