3182 5113
954 436 1098 520 65‘6
1548 431 1551 434 ’
1594 420 1697 494 Ι,
1743 419 1889 494 ΙΒ
1939 421 2006 493 Ε
2055 423 2138 495 R
2235 419 2332 496 II:
2557 442 2972 512 §.vnmxxss

946 538 1140 596 neficii
1170 537 1326 595 enim
1356 537 1482 595 talis
1514 539 1594 597 est
1626 540 1858 596 materia
1879 585 1892 609 ,
1935 549 1999 597 ut
2036 538 2095 596 in
2119 539 2384 615 ⁴quemvis
2419 542 2666 605 conferri
2696 549 2810 605 fine
2840 553 2975 624 inju.

956 616 1039 674 ria
1076 617 1279 689 poffit3
1321 633 1500 689 poenae
1542 629 1594 666 81
1632 633 1751 673 non
1792 617 1947 674 item.
2328 686 2330 688 v

1024 690 1121 751 IX.
1166 686 1441 749 Diximus*
1458 693 1528 749 de
1563 693 1747 750 modis
1777 711 1878 767 per
1912 711 2057 770 quos
2085 706 2142 746 82
2162 699 2534 757 communitas
2570 715 2751 773 poenae
2774 705 2982 764 ,accidit

958 788 1036 828 ex
1066 769 1261 844 culpae¹
1299 771 1724 839 communitate.
1810 773 2005 833 Restat
2053 773 2359 849 spectemus
2398 793 2466 838 an
2518 775 2603 846 δι,
2662 778 2826 852 culpa
2866 794 2981 838 non

956 842 1408 917 communicata,
1455 849 1908 920 communicetur
1938 867 2122 923 poena.
2170 869 2293 926 quae
2326 870 2413 917 res
2440 866 2509 925 ,ut
2531 855 2678 911 reete
2714 855 2988 929 intelliga-

972 935 1069 981 tur
1093 969 1109 994 ,
1154 922 1207 980 &
1233 941 1336 992 ne,
1380 942 1501 998 quae
1534 943 1594 982 re
1629 924 1741 998 ipsa
1765 926 1980 983 diversa
2005 926 2128 986 sunt
2151 973 2167 999 ‚
2214 932 2536 989 obvocum
2569 931 2984 994 fimilitudinem

886 1001 888 1003 ’
972 1000 1432 1070 confundantur,
1478 1001 1762 1059 monenda
1802 1003 1927 1060 sunt
1959 1006 2257 1077 quaedam.-.

953 1080 959 1152 J
1042 1076 1112 1133 X.
1159 1096 1207 1136 1.
1253 1089 1304 1132 83
1346 1079 1625 1149 Primum,
1669 1078 1819 1138 aliud
1861 1082 1970 1138 effe
2010 1082 2273 1149 damnum
2312 1084 2518 1157 directe
2572 1084 2798 1155 datum,
2841 1086 2987 1144 aliud

971 1154 1132 1228 quod
1163 1156 1222 1211 in
1254 1154 1717 1228 consequentiam
1758 1158 1929 1230 venit.
2013 1160 2243 1219 Direete
2279 1161 2471 1220 datum
2495 1180 2650 1227 voco
2674 1208 2689 1233 ‚
2734 1181 2849 1237 quo
2880 1165 2991 1220 cui·

976 1238 1149 1307 quam
1178 1230 1431 1288 aufertur
1462 1233 1530 1290 ad
1567 1232 1724 1307 quod
1770 1235 1857 1307 jus
1907 1237 2214 1311 proprium,
2240 1239 2432 1295 habet.
2458 1297 2461 1304 ,
2485 1292 2487 1297 ,
2510 1240 2616 1296 Per
2635 1241 2989 1313 consequen-

980 1310 1119 1365 tiam
1140 1353 1155 1378 ‚
1199 1326 1315 1381 quo
1345 1308 1440 1377 fit,
1484 1324 1549 1366 ut
1573 1311 1699 1382 quis
1722 1327 1841 1367 non
1874 1313 2080 1370 habeat
2112 1315 2271 1388 quod
2295 1316 2587 1373 habiturus
2623 1316 2834 1389 alioqui
2867 1316 2991 1373 fuis-

973 1383 1090 1453 set,
1141 1397 1201 1443 84
1234 1384 1476 1441 ceffante
1509 1386 1723 1444 scilicet
1754 1388 2090 1457 conditione
2113 1393 2261 1459 ‚sine
2306 1411 2416 1467 qua
2449 1394 2534 1462 jus
2566 1410 2684 1450 non
2724 1395 2991 1449 habebat.

722 1462 963 1521 anu-§-
985 1460 1327 1535 Exemplum
1353 1460 1432 1518 est
1462 1462 1612 1538 apud
1636 1462 1976 1537 Ulpianum:
2018 1483 2049 1513 a
2082 1469 2121 1525 fi
2146 1469 2203 1524 in
2228 1487 2359 1538 meo
2392 1480 2624 1542 puteum
2659 1470 2853 1544 aperui
2877 1487 2993 1542 quo

681 1534 727 1611 ἶ·
755 1533 801 1581 d·
836 1528 959 1578 dam.
986 1538 1194 1595 fastum
1227 1537 1305 1594 est
1335 1549 1399 1594 ut
1433 1550 1486 1594 85
1519 1557 1681 1596 venae
1712 1541 1781 1598 ad
1819 1552 1875 1597 te
1906 1556 2263 1616 perventurae
2309 1545 2781 1619 praeciderentur:
2824 1555 2995 1617 negat

684 1599 775 1657 uns.
979 1615 1169 1688 operis
1193 1615 1305 1670 mei
1328 1615 1472 1672 vitio
1508 1616 1783 1692 damnum
1812 1616 2003 1675 datum
2026 1620 2084 1676 in
2109 1638 2173 1676 ea
2196 1638 2290 1691 re,
2327 1623 2384 1677 in
2414 1639 2524 1694 qua
2554 1623 2674 1692 jure
2705 1638 2834 1677 meo
2869 1620 2996 1676 usus

720 1690 745 1738 b
766 1691 826 1737 L·
851 1696 932 1736 26·
974 1691 1110 1748 sum.
1188 1692 1263 1749 Et
1286 1691 1453 1761 alibi,
1489 1692 1512 1741 b
1548 1693 1792 1750 multum
1826 1695 1904 1751 ait
1930 1696 2220 1763 interesse,
2266 1709 2453 1754 utrum
2483 1697 2748 1753 damnum
2774 1698 2894 1768 quis
2919 1696 2994 1749 fa-

684 1752 734 1805 d·
756 1765 793 1800 ²·
973 1768 1117 1832 ciat,
1161 1784 1232 1823 an
1270 1767 1431 1824 lucro
1461 1768 1621 1842 quod
1643 1769 1831 1828 adhuc
1853 1772 2095 1829 faciebat
2117 1771 2201 1829 uti
2221 1775 2610 1845 prohibeatur.
2688 1773 2761 1827 Et
2791 1769 2993 1826 Paulus

712 1832 1435 1914 cL·63.D.jUsiSC0nsUltug‚
1470 1859 1492 1890 c
1525 1846 1887 1922 praeposterum
1932 1848 2023 1918 ff
2058 1849 2166 1916 ait,
2212 1856 2268 1895 86
2305 1857 2437 1901 ante
2479 1866 2571 1901 nos
2605 1845 2863 1918 locupletes
2891 1845 2988 1900 dici

689 1896 762 1972 ad·
774 1896 965 1944 LFalc'
977 1939 1146 1997 quam
1174 1919 1586 1997 acquzfierimus.

689 1975 843 2027 punc.
1058 2013 1109 2052 2.
1151 1998 1240 2054 Sic
1268 2006 1566 2071 parentum
1599 2000 1763 2055 bonis
1797 1996 2112 2053 confiscatis
2142 1995 2388 2051 sentiunt
2421 1994 2650 2068 quidem
2684 1996 2990 2055 incommo-

983 2072 1120 2129 dum
1149 2073 1349 2142 liberi,
1392 2072 1482 2127 sed
1507 2075 1747 2146 proprie
1770 2089 1834 2127 ea
1863 2088 2028 2145 poena
2051 2087 2166 2126 non
2192 2070 2270 2142 est
2289 2116 2303 2136 ,
2328 2074 2459 2144 quia
2484 2076 2634 2129 bona
2659 2073 2748 2128 illa
2773 2073 2988 2133 illorum

990 2149 1178 2204 futura
1214 2164 1332 2202 non
1364 2160 1553 2217 erant,
1598 2149 1697 2204 nisi
1728 2141 2112 2220 aparentibus
2140 2142 2207 2202 ad
2233 2145 2490 2205 ultimum
2535 2150 2780 2223 spiritum
2822 2152 2985 2207 essent

718 2229 826 2277 ἀι.
847 2222 959 2278 3.D.·
979 2222 1323 2281 conservata.
1362 2222 1533 2300 Quod
1566 2225 1716 2279 recte
1744 2225 1810 2278 ab
1842 2222 2111 2295 Alpheno
2144 2235 2404 2280 notatum
2440 2227 2548 2294 est,
2575 2227 2604 2271 d
2639 2243 2763 2283 cum
2798 2225 2873 2282 ait
2907 2245 2986 2301 pao

689 2291 742 2368 df
771 2295 900 2338 inter·
977 2300 1074 2356 tris
1111 2316 1276 2373 poena
1312 2301 1568 2354 amittere
1602 2298 1810 2354 liberos
1837 2298 1891 2353 id
1917 2297 2070 2371 quod
2098 2302 2163 2355 ab
2201 2300 2316 2373 ipso
2342 2314 2742 2375 perventurum
2769 2302 2901 2359 effet
2930 2302 2985 2359 ad

687 2354 798 2402 ‘²³5³‘
818 2353 876 2402 ὃ
897 2369 1106 2433 '‘''eos't
1152 2392 1274 2448 quae
1307 2391 1447 2431 vero
1473 2390 1593 2429 non
1619 2391 1647 2428 a
1680 2386 1837 2448 patre
1857 2419 1872 2444 ,
1915 2374 2005 2430 sed
2037 2392 2066 2430 a
2091 2392 2274 2433 rerum
2299 2389 2494 2434 natura
2526 2391 2623 2434 aut
2651 2379 2875 2435 aliunde
2909 2379 2987 2434 tri·=

691 2419 776 2483 ²⁶⁹3*
980 2456 1323 2520 buerentur,
1365 2468 1429 2507 ea
1469 2467 1695 2506 manere
1730 2451 2054 2508 incolumia.
2140 2452 2230 2512 Sic
2266 2455 2662 2515 Themistoclis
2699 2467 2753 2515 87
2791 2456 2995 2512 liberos

725 2535 749 2564 e
780 2517 928 2580 Epist.
987 2528 1196 2604 eguisse
1222 2527 1410 2586 scribit
1432 2543 1454 2575 e
1489 2528 1696 2585 Cicero
1716 2573 1729 2597 ,
1776 2543 1883 2586 nec
1921 2527 2175 2602 iniquum
2201 2541 2392 2603 putat,
2438 2542 2500 2589 ut
2523 2531 2759 2590 eandem.
2784 2525 2997 2587 calami-

694 2580 759 2629 ‘⁸⁶²
780 2582 914 2628 Bm·
987 2618 1163 2663 tatem
1197 2604 1378 2662 ferant
1411 2604 1572 2661 liberi
1597 2603 1817 2678 Lepidi.
1897 2603 2075 2677 quue
2102 2608 2185 2665 ait>
2208 2609 2502 2681 antiquum
2535 2606 2644 2665 effe
2670 2610 2721 2663 δε
2745 2605 2996 2661 omnium

687 2647 966 2759 };,¹}.3,⁶{'3‚
991 2683 1311 2747 civitatum.;
1341 2682 1431 2739 cui
1457 2693 1647 2737 tamen
1673 2682 1817 2737 mori
1849 2681 2002 2754 leges
2037 2684 2374 2756 posteriores
2394 2688 2436 2745 s
2463 2688 2731 2763 Romana}
2756 2678 2994 2765 multum

710 2769 963 2829 sL.7.D.
986 2759 1419 2830 temperamenti
1462 2756 1806 2826 adJecerunt.
1891 2759 1982 2817 Sic
2017 2776 2143 2815 cum
2192 2776 2263 2816 ex
2298 2759 2500 2816 delifiko
2531 2769 2748 2838 1113101'18
2782 2763 2949 2840 Passtls
2971 2797 2987 2823 ‚

692 2832 747 2880 de
773 2832 866 2879 bon·
979 2849 1102 2904 quae
1137 2845 1214 2900 88,
1235 2845 1299 2889 ut
1324 2833 1456 2889 alibi
1489 2832 1753 2906 diximus,
1772 2833 2065 2907 personam
2096 2833 2465 2892 universitatis
2492 2826 2746 2898 sustinet,
2772 2845 2993 2885 univer-

690 2894 962 3010 ffdm'sst'ssbi
982 2909 1110 2967 fitas
1139 2909 1197 2964 in
1223 2909 1524 2984 culpaest,
1563 2927 1753 2984 eoque
1783 2912 2016 2970 nomine
2047 2912 2254 2970 amittit
2284 2922 2348 2960 ea
2373 2920 2495 2976 quae
2528 2903 2798 2974 diximuS,
2817 2904 2994 3038 ἓξὲξ

2022 3112 2355 3170 intervenisset
2404 3115 2598 3167 alterius
2638 3135 2739 3168 non
2781 3132 2880 3170 tam
2922 3123 2995 3169 lae·

1760 3219 1776 3243 4
2022 3182 2164 3231 dendi
2196 3182 2340 3229 nostri
2360 3195 2542 3242 ,quarn
2580 3179 2651 3229 sui
2682 3184 2872 3241 juvandi
2899 3187 2991 3235 ani-

983 3274 988 3278 ·
1049 3263 1105 3301 81
1145 3254 1249 3300 Non
1276 3255 1408 3309 item]
1449 3254 1650 3311 Quippe
1680 3242 2108 3311 quae·perso-;mo
2134 3253 2396 3305 patratum.
2474 3307 2482 3315 ·
2523 3308 2533 3317 ⁶

977 3326 1092 3362 nam
1158 3327 1413 3368 eccantem
1450 3325 1552 3357 non
1590 3310 1888 3372 egrediatur,
1933 3305 1993 3354 fi‘
2088 3318 2141 3361 85
2196 3308 2360 3360 Venae]
2420 3310 2537 3354 val
2592 3305 2883 3361 subterranei
2941 3312 2986 3359 in

965 3375 1086 3437 justa
1130 3385 1188 3422 ιτ.
1988 3322 2161 3434 [tuum
2204 3383 2373 3431 agrum
2422 3371 2773 3434 vel-praedium
2816 3390 2987 3443 aquam

1034 3449 1091 3486 82.
1129 3438 1463 3489 communitas]
1513 3437 1632 3480 Duo
1681 3431 1760 3481 vel
1789 3430 2265 3495 >pluresiducentea

968 3512 1054 3549 aut
1101 3513 1208 3548 tam
1248 3498 1507 3562 publicum
1561 3509 1715 3559 quam
1758 3491 1961 3559 singuli,
2080 3503 2139 3561 36
2170 3499 2289 3543 Ante
2313 3510 2386 3543 nos
2411 3495 2657 3562 locupletes]
2693 3499 2747 3546 Id
2772 3500 2822 3547 in
2854 3500 2989 3549 boni-s

967 3576 1173 3630 tamque
1219 3560 1395 3625 singuli
1437 3572 1588 3624 quam
1632 3560 1965 3607 communitas
2015 3561 2292 3631 computari
2321 3558 2525 3619 ποθεὶς,
2576 3573 2812 3626 tanquam
2851 3563 2884 3611 fi
2927 3567 2989 3611 in·

963 3625 1145 3674 debent
1176 3639 1411 3688 poenam,
1446 3622 1563 3687 quia
1595 3620 1645 3667 &
1676 3621 1827 3687 culpae
1855 3618 1963 3670 sunt
2015 3624 2329 3685 tercipiatur,
2358 3623 2528 3681 injuria
2557 3623 2703 3672 nobis
2734 3624 2993 3691 fiat,quod

974 3689 1162 3738 affines.
2016 3682 2262 3747 speramus
2314 3687 2668 3735 tantummodo
2698 3723 2715 3749 ‚
2774 3692 2992 3738 nondum

1035 3765 1084 3804 83
1124 3752 1335 3800 Primum
1362 3786 1379 3812 ‚
1428 3743 1597 3801 aliud]
1650 3746 1965 3808 Distinguen-
2017 3749 2169 3796 etiarn
2209 3747 2491 3809 habemus.

973 3810 1090 3859 dum
1133 3818 1256 3861 inter
1302 3813 1351 3861 id
1379 3812 1518 3877 quod
1562 3806 1620 3857 fit
1660 3824 1750 3874 per
1790 3809 1869 3871 se,
1919 3812 1967 3858 &
2081 3825 2134 3870 87
2171 3811 2347 3860 Liberos
2364 3811 2530 3874 eguiffi]
2562 3817 2765 3878 Propter
2792 3817 2994 3863 exilium

971 3875 1109 3940 quod
1134 3891 1215 3937 per
1247 3877 1486 3924 accidens,
2014 3876 2182 3939 patris.

1040 3948 1100 3994 84
1133 3938 1327 4000 Ceffanxe
1362 3940 1575 4001 scilicet]
1640 3935 1745 3987 Nisi
1773 3935 1962 3988 facturn
2079 3950 2134 3991 88
2170 3939 2233 3988 Ut
2258 3936 2376 3990 alibi
2407 3935 2633 3998 diximus]
2691 3956 2751 4000 2,
2786 3955 2828 3995 ς.
2863 3953 2931 4062 ιβ

2802 4012 2858 4053 89
2904 4016 2992 4061 „aar

1203 3120 1794 3178 Gnonov11.'‘
