3182 5113
1000 452 1622 534 INDE‘X.

289 563 349 614 ad
376 562 607 613 tebtorem
635 558 796 622 tegula
831 569 939 604 ,non
983 554 1216 618 pertinet,
1251 564 1342 612 qua

293 628 573 686 laudabilius
611 624 779 672 dicitur
811 618 980 676 ‘occidi
1018 632 1163 681 quam
1207 617 1337 662 occi·

294 693 417 743 dere.
436 711 484 748 2,
530 707 550 738 x
570 726 584 747 ‚
604 700 646 739 8.
674 706 700 736 a
729 686 908 735 restore
925 685 1085 747 populi
1105 682 1252 746 aliqui
1269 682 1340 739 ju·-

1465 569 1568 601 tum
1608 550 1683 602 fic.
1717 567 1743 599 2
1764 586 1779 609 ‚
1810 566 1834 606 7
1856 584 1869 606 ‚
1913 563 1987 603 13.
2021 547 2069 597 in
2099 546 2259 609 regnis
2285 543 2535 606 patrimo-h

1472 616 1678 667 nialibus
1714 631 1796 666 rex
1827 615 2034 664 alienare
2069 610 2221 677 potest
2253 610 2527 672 imperium.

2288 692 2333 733 3>
2370 689 2451 730 20,
2496 689 2521 730 ς

298 753 470 805 stitiam
515 772 619 804 non
656 753 961 803 vehementer
1006 748 1243 809 exigunt,
1291 748 1337 793 ὃ(
1406 746 1564 811 Regni
1611 749 1662 796 δε
1723 742 2012 810 principatus
2055 755 2195 793 voces
2255 736 2529 804 fignificatu

304 837 462 883 quare.
1012 816 1125 861 Ρνθῖ·
1155 824 1247 873 Pag-
1289 823 1305 854 ¹
1320 824 1338 862 3

1468 813 1660 872 proprio
1693 815 1741 860 ὃς
1770 809 2050 870 improprio,
2188 822 2226 860 1,
2247 821 2291 860 3,
2319 821 2396 862 10,
2424 818 2468 862 1,
2496 817 2527 851 z

246 888 469 936 Restores
507 884 708 932 aliorum
755 882 805 927 in
851 878 1028 925 crimen
1070 892 1127 924 ex
1169 870 1344 919 duabus
1410 877 1569 938 Regni
1610 878 1739 937 pleni
1781 874 1877 923 five
1923 870 2128 922 absoluti
2169 870 2410 933 exempla,
2476 881 2531 924 1,

310 950 440 998 rebus
485 950 693 997 maxime
730 943 922 994 veniunt
942 977 956 999 ‚
1021 939 1267 1004 patientia.
1293 941 1340 985 &

312 1028 513 1077 receptu.
1101 1020 1126 1050 2
1148 1036 1161 1058 ‚
1192 1016 1246 1048 21
1267 1034 1280 1057 ,
1322 1014 1347 1044 2

255 1073 567 1141 Recuperatio
600 1069 713 1135 justa
741 1068 859 1118 belli
887 1067 1034 1118 causa.
1133 1083 1157 1113 2
1177 1101 1190 1123 ,
1229 1080 1246 1110 1
1272 1098 1285 1119 ‚
1322 1078 1347 1108 2

255 1150 659 1206 Recuperatorum
715 1137 867 1185 miuus
923 1132 1042 1196 apud
1083 1136 1355 1178 Romanos.

639 1253 651 1263 t
1118 1210 1134 1240 Ῐ
1161 1229 1174 1251 9
1205 1213 1223 1249 3
1246 1226 1259 1247 2
1297 1205 1350 1237 21

256 1259 512 1330 Redempti
538 1284 594 1315 ex
633 1266 905 1329 captivitate
950 1260 1205 1326 redemtori
1236 1270 1352 1316 quo-

317 1329 466 1379 modo
499 1333 735 1379 tenentur.
1020 1343 1038 1379 3
1072 1358 1084 1379 ‚
1113 1341 1170 1376 9,
1211 1338 1296 1373 10,
1334 1336 1358 1391 ².

256 1396 512 1456 Redempti
563 1395 725 1442 servire
780 1402 1010 1454 coguntur
1074 1388 1359 1452 redemptori

317 1460 469 1506 donec
510 1459 711 1521 pretium
745 1456 1015 1508 restituant,
1060 1453 1167 1508 lege
1201 1454 1358 1491 Attica

318 1526 364 1569 &
393 1529 632 1570 Romana.
899 1536 917 1571 3
938 1554 950 1563 .
986 1532 1047 1565 9,
1086 1526 1157 1557 10.
1189 1519 1354 1557 tAnnot.

257 1586 546 1647 Redemptio
603 1584 894 1647 captivorum
938 1575 1054 1647 belli
1092 1587 1345 1646 ‘commer-

315 1650 456 1704 cium,
494 1667 511 1702 3
538 1682 552 1704 ‚
584 1664 637 1696 21
662 1680 677 1700 ‚
715 1663 755 1690 r.
788 1640 1127 1702 redemptroms
1163 1652 1357 1697 pretium

316 1726 547 1774 quantum
584 1706 706 1768 apud
752 1708 940 1750 Graecos
988 1706 1036 1750 &
1078 1702 1238 1763 vulgo,
1303 1718 1356 1757 3,

323 1791 410 1831 14,
438 1792 483 1826 9.
511 1786 606 1832 quo
637 1768 740 1816 caiu
768 1767 989 1813 debeatur
1016 1767 1099 1814 *vel
1141 1779 1240 1810 non
1277 1765 1355 1812 de-

317 1838 480 1885 beatur
516 1847 707 1881 mortuo
750 1832 951 1892 captivo,
996 1845 1048 1888 3,
1080 1845 1162 1884 21,
1190 1844 1262 1880 29.
1299 1844 1355 1876 an

320 1904 370 1949 in
404 1903 548 1947 alium
573 1898 642 1956 jus
667 1889 887 1958 exigendi
911 1896 1007 1951 ejus
1042 1889 1179 1954 poffit
1208 1907 1359 1941 trans·

320 1966 444 2012 ferri.
481 1980 538 2018 2,
569 1976 656 2017 21,
686 1957 764 2014 25.
805 1972 862 2004 an
902 1959 962 2004 ad
992 1957 1226 2015 eiusmodi
1253 1972 1358 2017 pre-

319 2031 439 2076 tium
509 2026 722 2088 captivus
786 2022 977 2083 pecunia
1057 2022 1123 2068 uti
1177 2021 1315 2082 possit
1345 2056 1359 2079 ,

317 2107 462 2154 quam
486 2093 630 2136 etiam
659 2086 810 2134 secum
836 2084 1012 2135 habuit.
1079 2100 1099 2137 3
1121 2117 1134 2139 ,
1172 2100 1223 2131 21
1253 2120 1266 2141 ,
1301 2097 1354 2134 28

262 2152 468 2210 Rediisse
498 2155 558 2202 ad
584 2150 770 2200 hostem
794 2152 897 2212 quis
924 2147 1160 2198 dicendus.
1197 2163 1217 2201 3
1237 2184 1252 2213 2
1284 2166 1362 2206 23,

450 2271 453 2279 .
1306 2230 1355 2268 13

263 2282 454 2336 Redimi
492 2280 702 2343 captivos
750 2272 800 2327 ὃ(
840 2276 990 2325 servos
1047 2276 1201 2324 fastos
1230 2312 1242 2333 ,
1297 2294 1355 2324 ae-

327 2362 489 2407 quum.
1092 2357 1111 2393 3
1133 2375 1146 2396 ‚
1181 2356 1236 2388 21
1258 2376 1272 2397 ‚
1303 2359 1361 2401 24

266 2412 501 2472 Regimen
535 2423 636 2456 non
662 2420 807 2454 omne
832 2407 929 2467 ejus
958 2404 1088 2453 causa
1122 2408 1199 2467 qui
1242 2407 1360 2468 regi-

330 2489 417 2523 tur.
1017 2478 1362 2530 1‚3‚8‚14

268 2538 506 2602 Regiones
535 2551 634 2583 non
663 2535 813 2600 aptius
853 2533 1191 2597 distinguuntur
1217 2546 1361 2592 quarn

330 2619 387 2649 eo
420 2601 548 2665 quod
578 2617 677 2647 non
716 2601 858 2649 facile
893 2598 1077 2647 transiri
1102 2596 1263 2659 potest.
1304 2616 1328 2645 2
1353 2633 1365 2654 ,

334 2682 352 2718 3
373 2701 386 2721 ,
419 2682 488 2721 ¹7.
525 2667 773 2728 regionum
800 2666 997 2711 nomina
1021 2664 1267 2725 quomodo
1291 2678 1363 2709 ac-

326 2729 541 2790 cipienda
592 2733 641 2775 in
696 2727 838 2776 dubio
902 2729 960 2775 de
1019 2726 1364 2775 conditionibus

332 2794 470 2853 pacis,
1081 2809 1137 2847 3,
1173 2808 1262 2847 20,
1299 2809 1353 2846 23

276 2862 508 2918 Regnum.
534 2858 628 2901 vide
653 2853 926 2915 Imperium.

276 2926 494 2981 Regnum
542 2917 790 2979 quomodo
840 2917 1072 2966 dividatur
1091 2954 1105 2975 ‚
1160 2921 1210 2967 &
1267 2934 1364 2981 quo

332 2979 514 3032 effectu.
1131 2999 1182 3038 2,
1218 2999 1274 3037 9,
1310 2999 1364 3029 ro

277 3052 498 3109 Regnum
568 3045 900 3106 patrimoniale
926 3079 936 3099 .
998 3044 1034 3092 fi
1079 3045 1134 3093 fit
1197 3045 1363 3095 indivi-

333 3111 503 3167 duum,
530 3108 719 3156 debetur
750 3112 966 3157 maximo
994 3123 1124 3158 natu.
1162 3127 1188 3157 2
1207 3145 1219 3167 ,
1237 3127 1262 3167 7
1284 3145 1295 3167 ‚
1315 3127 1365 3163 23

278 3173 498 3237 Regnum
543 3188 568 3218 a
600 3173 778 3235 populo
817 3174 1028 3222 delatum
1073 3174 1136 3221 est
1176 3175 1366 3222 haetedi-
1426 3186 1649 3231 Relatum
1673 3185 1722 3231 in
1746 3184 1991 3234 referente.

2230 980 2233 986 ,
2338 952 2383 992 32
2418 940 2466 989 22
2502 940 2531 980 3

1416 1002 1575 1060 Regni
1613 1016 1635 1048 a
1671 1004 1848 1065 populo
1880 1001 2028 1050 delati
2064 996 2289 1049 successor
2326 1013 2428 1047 non
2455 1008 2534 1043 te-

1481 1077 1615 1112 netur
1647 1066 1706 1112 ad
1733 1082 1879 1114 onera
1911 1067 2223 1115 haereditaria.
2299 1079 2338 1121 1,
2359 1081 2405 1121 3,
2424 1070 2470 1119 8,
2497 1068 2525 1109 ⁸

1418 1130 1572 1188 Regni
1605 1142 1854 1177 curatores.
1885 1137 1979 1180 vide
2014 1138 2041 1179 ἰ
2059 1145 2212 1179 utores
2243 1131 2394 1191 tegni.

1421 1196 1589 1251 Regna
1638 1210 1739 1255 qua:
1786 1210 1947 1256 regem
1980 1212 2127 1245 unum
2169 1191 2377 1249 habent,
2425 1208 2534 1246 non

1477 1270 1582 1302 vere
1607 1273 1756 1310 unita.
2310 1309 2313 1316 ι
2345 1274 2390 1314 2,
2418 1274 2467 1314 9,
2499 1277 2531 1314 9

1420 1324 1590 1380 Regna
1626 1324 1788 1373 media
1817 1324 1941 1371 inter
1968 1320 2235 1373 absolutum
2283 1325 2333 1371 &
2368 1328 2534 1370 Laco-

1477 1388 1653 1436 nicum.
2208 1442 2212 1446 q
2249 1404 2290 1443 r,
2322 1402 2365 1444 3,
2387 1404 2466 1444 20,
2501 1404 2527 1437 1

1420 1452 1590 1508 Regna
1624 1467 1650 1500 a
1683 1455 1862 1517 populo
1899 1451 2057 1500 delata
2099 1452 2145 1500 in
2182 1450 2325 1500 dubio
2353 1452 2532 1501 indivi-

1482 1512 1590 1565 dua.
2307 1532 2351 1569 2,
2383 1532 2431 1572 7,
2469 1532 2531 1578 14

1421 1582 1593 1638 Regna
1634 1596 1660 1627 a
1703 1582 1884 1643 populo
1918 1582 2080 1630 delata
2112 1596 2212 1629 non
2255 1579 2532 1630 deferuntur

1478 1642 1538 1687 ad
1562 1658 1676 1702 eos,
1707 1648 1787 1707 qui
1818 1661 1844 1692 a
1883 1649 2037 1710 primo
2071 1660 2179 1707 rege
2208 1659 2307 1692 non
2335 1642 2534 1694 descen·

1479 1706 1616 1753 dunts
1649 1726 1692 1762 z,
1718 1725 1764 1765 7,
1793 1723 1863 1762 ῖς.
1896 1727 1993 1759 non
2023 1712 2216 1758 veniunt
2247 1709 2305 1756 ad
2333 1721 2532 1758 natura-

1477 1771 1546 1816 les
1571 1787 1657 1819 nec
1687 1774 1747 1819 ad
1778 1775 2046 1838 adoptivos,
2315 1789 2359 1828 22
2389 1790 2435 1830 7>
2467 1782 2529 1822 16

1419 1838 1587 1896 Regna
1619 1851 1644 1883 a
1677 1840 1860 1900 populo
1898 1841 2059 1887 delata
2087 1838 2147 1886 ad
2163 1853 2314 1885 mares
2330 1839 2530 1886 veniunt

1478 1900 1636 1958 potius
1667 1917 1811 1962 quam
1838 1902 1899 1949 ad
1923 1903 2174 1950 foeminas-
2295 1918 2345 1957 2,
2367 1919 2393 1957 7
2412 1935 2427 1959 ‚
2466 1917 2529 1958 17

1419 1966 1589 2024 Regna
1653 1966 1904 2026 quomodo
1959 1967 2232 2014 deferantur
2282 1981 2361 2025 per
2427 1961 2533 2014 iuc-

1475 2026 1730 2079 cessionem
1763 2029 1821 2077 ab
1851 2031 2094 2079 intestato,
2186 2048 2231 2087 2,
2254 2047 2329 2143 gc„
2364 2037 2440 2086 τό,
2476 2048 2531 2083 2.

2325 2101 2370 2151 ἕ.
2399 2109 2473 2150 11,
2499 2112 2534 2144 2,

1421 2155 1593 2212 Regna
1636 2156 1973 2215 patrimonalia
2032 2158 2272 2221 pervenire
2332 2154 2527 2219 phoffunt

1482 2218 1539 2261 ad
1566 2232 1677 2275 eos,
1712 2225 1794 2283 qui
1828 2238 1852 2268 a
1881 2226 2177 2286 primo-rege
2205 2237 2304 2269 non
2332 2221 2529 2270 descen·

1480 2280 1614 2332 dunt.
2300 2304 2346 2343 2,
2379 2303 2426 2343 7,
2467 2303 2528 2335 13

1418 2350 1641 2406 Regnum
1667 2349 1827 2398 Italiae.
2102 2367 2128 2399 2
2149 2387 2162 2408 ‚
2197 2368 2255 2406 9,
2285 2366 2362 2406 Π,
2398 2370 2464 2410 4,
2497 2367 2523 2405 3

1420 2412 1616 2470 Regulae
1649 2412 1707 2459 de
1742 2429 1798 2461 eo
1832 2415 1963 2477 quod
1994 2409 2104 2463 licet
2139 2419 2187 2463 in
2216 2415 2366 2464 bello,
2401 2432 2446 2472 3,
2482 2429 2528 2473 1,

2308 2495 2369 2533 2>
2406 2497 2425 2532 3
2448 2513 2463 2535 s
2495 2498 2533 2537 4

1419 2540 1608 2603 Regula
1639 2576 1651 2597 ,
1717 2541 1972 2595 secundum
2025 2555 2242 2591 naturam
2280 2540 2402 2598 effe,
2475 2555 2531 2590 ut

1476 2621 1618 2666 quem
1668 2606 1917 2668 sequuntur
1948 2607 2260 2657 incommoda
2296 2611 2359 2664 s&
2391 2619 2533 2654 com-

1480 2670 1630 2717 moda
1658 2671 1935 2733 sequantur,
1973 2671 2223 2736 quomodo
2246 2671 2531 2735 intelligeria

1485 2735 1560 2782 da.
1942 2793 1947 2798 .
2273 2753 2299 2783 2
2321 2771 2334 2792 ,
2373 2745 2396 2782 8
2415 2770 2430 2792 ‚
2472 2745 2535 2783 16

1423 2799 1616 2859 Regula:
1659 2798 1790 2861 super
1834 2797 2252 2849 deliberationibus
2299 2799 2536 2862 politicis.

2152 2883 2201 2921 2>
2234 2881 2312 2923 24,
2348 2883 2393 2921 52
2422 2879 2465 2923 1,
2498 2883 2536 2923 4

1424 2928 1630 2989 Regulus
1667 2926 1714 2974 in
1759 2943 1991 2977 carcerem
2020 2942 2163 2992 quare
2199 2927 2409 2977 debuerit
2456 2942 2535 2977 re—

1486 2990 1596 3039 dite.
1631 3009 1675 3049 2,
1723 3009 1800 3048 13,
1843 3009 1913 3050 14.
1949 3009 2005 3039 :an
2044 2995 2283 3041 redeundo
2321 2991 2533 3055 gloriose

1487 3068 1677 3104 tantum
1704 3056 1881 3106 fecerit.
1916 3075 1960 3114 3,
1991 3076 2067 3116 23,
2101 3074 2145 3114 7.
2177 3064 2457 3109 Senatorem
2481 3053 2554 3103 se'

1483 3135 1643 3181 negat.
2325 3138 2471 3179 3,20‚
2498 3137 2525 3173 3

2246 3203 2264 3240 3
2288 3221 2301 3243 ²
2338 3203 2429 3244 20²
2466 3202 2531 3243 24

337 3251 409 3286 tas
430 3232 634 3301 sepssfflta
663 3252 689 3284 ²
721 3250 882 3287 caetera
908 3239 1193 3288 haetedstate·
1234 3257 1260 3286 2
1279 3274 1292 3297 2
1313 3257 1339 3298 7
1358 3275 1370 3295 >
1429 3248 1621 3311 Religio
1649 3263 1745 3311 quo
1772 3248 1901 3297 sensu
1924 3245 2043 3310 ‘iuris
2073 3250 2304 3314 gentium.
2337 3265 2397 3309 2,
2433 3265 2492 3296 20
2510 3277 2531 3311 ,

1320 3320 1374 3358 ¹9

2111 3319 2530 3373 4523.&§·4623

281 3370 504 3429 Regnum
543 3363 749 3413 abdicari
788 3381 847 3414 an
888 3366 1027 3429 possit
1076 3383 1160 3430 pro
1199 3366 1371 3418 liberis.
1434 3376 1624 3443 Religio
1670 3375 1967 3437 Christiana,
2013 3393 2106 3441 qua
2142 3380 2254 3426 talis
2302 3379 2487 3441 proprie
2512 3412 2532 3433 ,

338 3447 398 3486 2,
418 3447 442 3485 7
462 3465 476 3485 ,
508 3440 580 3479 26.
618 3445 701 3492 pro
734 3429 958 3479 dereliCto
992 3448 1048 3480 ex
1074 3432 1238 3495 quibus
1267 3448 1371 3480 cau-

335 3492 397 3540 fis
446 3493 690 3543 habeatur.
736 3498 831 3542 ibid.
888 3497 1228 3545 haereditarium
1273 3512 1371 3544 non

339 3558 460 3604 irlud
495 3571 681 3605 tantum
728 3560 893 3607 dicitur
933 3562 1062 3623 quod
1093 3562 1157 3610 est
1202 3565 1250 3608 in
1290 3577 1369 3625 pa-

336 3620 594 3676 trimoniO,
640 3622 716 3669 sed
753 3627 801 3672 δε
838 3625 954 3671 illud
994 3627 1121 3687 quod
1154 3625 1376 3673 consensu

342 3684 507 3744 populi
540 3686 599 3731 ad
634 3688 841 3749 aliquem
870 3689 1077 3739 delatum
1106 3691 1167 3738 est
1190 3722 1204 3745 2
1244 3702 1293 3737 ut
1322 3690 1376 3737 fit

348 3748 447 3804 ejus
488 3745 669 3796 summo
701 3754 812 3809 jure.
849 3769 900 3809 2,
930 3770 990 3811 7,
1026 3773 1091 3805 12.
1128 3759 1174 3805 ὅ(
1214 3763 1257 3813 §.
1302 3771 1376 3810 17.

343 3814 647 3861 Laconicum.
707 3831 761 3872 r,
818 3834 873 3872 3,
924 3835 996 3867 20.
1048 3819 1380 3879 patrimoniale

345 3875 538 3947 quarela
569 3876 666 3924 fiat.
710 3897 729 3933 3
754 3915 766 3936 ,
820 3896 839 3934 3
864 3917 877 3939 ‚
915 3897 953 3932 1.
989 3881 1142 3932 differt
1183 3884 1238 3931 ab
1273 3883 1376 3932 aliis

340 3941 744 3999 patrimonialibus
773 3943 924 4003 bonis,
966 3965 1022 4006 2,
1047 3966 1098 4006 7,
1133 3966 1204 4004 25·
1236 3949 1376 3999 dividi

341 4004 491 4061 potest
531 4019 638 4055 cum
695 4009 792 4066 jure
835 4012 1112 4061 haereditatis
1148 4014 1262 4061 adiri
1298 4016 1373 4060 de—

346 4063 439 4121 bet.
474 4083 530 4133 a,
556 4085 613 4134 7,
647 4086 722 4134 ιι.
748 4072 836 4142 uisi
871 4078 999 4144 aliud
1027 4077 1238 4148 expresse
1268 4093 1367 4148 cau-

1491 3441 1782 3489 naturalibus
1807 3446 2097 3508 argumentis
2124 3459 2226 3493 non
2251 3444 2431 3490 nititur.
2467 3458 2494 3490 2
2514 3475 2534 3499 ,

2217 3525 2293 3560 20,
2314 3514 2394 3563 48,
2425 3522 2465 3561 Ι,
2494 3522 2527 3554 2

1431 3569 1627 3631 Religio
1669 3569 1810 3617 habet
1854 3571 1959 3619 snos
1992 3572 2210 3635 speciales
2252 3567 2445 3618 effestus
2474 3569 2530 3618 in

1490 3635 1717 3682 iocietate
1748 3636 1974 3686 humana.
2004 3654 2051 3695 2,
2077 3654 2154 3693 ιο,
2189 3654 2266 3695 44.
2311 3636 2435 3682 avita
2456 3633 2537 3682 vi-

1496 3698 1608 3755 stis,
1643 3698 1728 3747 nisi
1769 3700 2021 3761 persuasis,
2053 3718 2152 3749 non
2188 3694 2440 3760 eripienda.
2481 3698 2546 3755 3,”

1503 3778 1576 3819 ις,
1622 3779 1697 3812 11.
1745 3779 1806 3811 an
1855 3765 1970 3821 justa
2016 3768 2059 3813 vi
2090 3765 2245 3810 induci
2280 3759 2436 3823 possit.
2476 3777 2528 3817 2,

1490 3843 1579 3882 20,
1631 3847 1710 3886 40·
1739 3835 2015 3892 exemplum
2053 3828 2224 3875 Christi
2257 3825 2531 3873 venditores

1494 3907 1520 3937 e
1564 3895 1750 3954 templo
1801 3896 2063 3951 ejicientis,
2103 3888 2350 3954 quomodo
2404 3888 2536 3936 acci*-

1495 3957 1736 4017 piendum,
1768 3975 1791 4005 2
1811 3994 1825 4015 ,
1864 3977 1938 4014 22,
1968 3971 2042 4017 14.
2070 3957 2293 4004 docentes
2322 3966 2434 4000 eam
2459 3955 2544 4011 ju<

1494 4019 1560 4068 ste
1607 4036 1842 4083 nequeunt
1881 4023 2048 4085 punirL
2081 4037 2125 4078 2,
2153 4033 2326 4077 20,49.
2361 4015 2536 4091 Falsa„

1460 4083 1537 4155 ‘si
1581 4102 1849 4152 exerceatur
1897 4091 2088 4142 terere,
2137 4084 2188 4133 in
2230 4096 2449 4201 pagam}
2479 4084 2544 4132 δέ

1559 4152 1564 4164 “
1750 4155 1756 4158 ”
2247 4155 2254 4159 i
2454 4160 2538 4199 eRS

1915 4217 1957 4227 iun-n
