3182 5113
1157 433 1858 554 inorme.

380 600 666 649 francorum
709 589 842 655 regni
883 584 1051 638 divifio
1093 587 1142 633 iu
1172 586 1403 634 orientale
1442 589 1488 636 δε
1548 592 1636 636 Fur
1665 587 1727 636 ad
1759 589 1873 651 quid
1900 589 2138 645 teneatur}

446 656 760 705 occidentale.
1200 715 1210 724 ·
1356 714 1364 723 ⁵

378 727 669 772 Francorum
695 734 859 782 regum
887 716 1106 767 succeffio
1145 712 1262 763 olim
1302 714 1483 789 {liqua-

441 802 578 834 renus
608 800 634 832 a
658 787 820 848 populi
850 786 1100 832 voluntate
1125 778 1364 843 pependit.
1430 796 1485 836 2,

2401 606 2464 648 2,
2494 602 2586 649 17,
2622 600 2674 639 τό

1390 653 1486 700 ibid.
1549 656 1637 700 Fur
1662 654 1786 709 apud
1818 656 1991 717 Lycios
2019 654 2166 703 fiebat
2205 652 2376 703 servus.
2418 674 2444 704 z
2465 691 2477 712 ,
2508 676 2528 713 5
2551 693 2565 713 ,
2598 673 2679 711 25·

1613 726 1779 768 Annot.
1799 724 1861 768 2.'
1882 721 2141 770 nocturnus
2167 734 2265 784 quo
2292 723 2391 780 jure
2419 721 2560 783 poffit
2590 736 2680 768 οε·

1607 781 1715 832 cidi.
2432 801 2459 833 a
2479 820 2490 840 ,
2526 802 2542 831 1
2563 822 2577 843 ‚
2618 802 2675 836 12

1249 860 1306 897 9,
1345 858 1390 889 11
1411 876 1425 898 ,
1466 862 1484 899 3
1552 850 1716 894 Furem
1746 847 2011 910 fugientem
2035 865 2144 898 cum
2180 867 2230 899 re
2259 850 2417 899 nostra
2445 850 2564 912 juste
2591 865 2677 900 oc-

383 917 674 963 Francorum
701 915 771 972 jus
800 912 859 963 de
885 910 1181 975 postliminio
1221 920 1356 955 extra
1390 905 1488 954 bel-

443 982 541 1026 lum
571 977 823 1040 publicum.
1158 990 1178 1027 3
1203 1006 1216 1028 ‚
1248 988 1278 1022 9
1298 1001 1313 1025 2
1353 986 1408 1024 19
1426 1005 1438 1027 ³
1464 987 1489 1017 2

386 1046 675 1099 Francorum
699 1044 766 1099 ius
797 1041 917 1090 circa
948 1040 1116 1092 servos,
1159 1100 1169 1110 .
1288 1051 1308 1089 3
1330 1069 1343 1092 2
1377 1050 1402 1090 7
1421 1069 1436 1092 7
1469 1043 1490 1079 8

383 1096 673 1155 ¹Francorum
701 1122 806 1155 mos
833 1105 891 1154 ad
918 1104 1098 1153 bellum
1128 1100 1392 1155 vitandum.
1431 1115 1458 1145 2
1480 1133 1492 1152 ,

1345 1178 1401 1216 23
1423 1195 1436 1217 2
1473 1179 1501 1213 9

385 1233 675 1287 Francorum
710 1225 979 1282 moderatio
1013 1230 1063 1278 in
1098 1227 1230 1277 bello
1268 1242 1392 1273 cuca
1426 1241 1496 1272 res

453 1295 618 1346 sacras.
1170 1310 1226 1347 3,
1263 1307 1346 1345 12,
1386 1299 1442 1345 6,
1475 1307 1493 1342 3

385 1361 674 1409 Francorum
708 1376 808 1410 mos
823 1362 939 1408 circ·
957 1357 1176 1421 praedam.
1209 1373 1227 1407 3
1246 1390 1268 1426 .²
1292 1364 1318 1399 6
1335 1388 1347 1407 ‚
1368 1362 1423 1424 1⁸6
1441 1370 1495 1424 ‚3

386 1426 548 1472 Frater
573 1426 731 1474 minor
761 1442 822 1480 an
837 1424 1103 1492 praefcratur
1122 1420 1277 1466 fratris
1302 1429 1496 1533 m7ayorjrss

454 1487 569 1536 filio.
1120 1543 1130 1553 ο
1244 1495 1310 1555 ²ss
1390 1512 1404 1534 2

387 1554 560 1600 Fratris
586 1551 713 1599 filius
741 1568 804 1605 an
835 1564 1003 1616 patruo
1034 1557 1157 1604 regis
1183 1541 1494 1605 praerexendus

445 1616 495 1661 in
532 1615 829 1664 successione.
1245 1623 1303 1663 ,22
1341 1622 1401 1662 ⁷,
1440 1624 1495 1659 32

386 1681 554 1727 Fratris
580 1680 733 1726 filiam
761 1689 958 1723 uxorem
988 1671 1152 1722 ducere
1178 1685 1277 1717 non
1307 1669 1371 1718 est
1391 1687 1495 1730 pro-

390 1727 393 1777 Ϊ
444 1742 696 1790 bibitum.2
715 1775 728 1795 ‚
752 1757 795 1795 5,
819 1755 892 1798 14.
911 1738 962 1787 in
989 1736 1205 1784 fraudem
1229 1748 1329 1794 quae
1361 1734 1501 1791 fiunt,

445 1821 541 1868 quo
577 1806 862 1868 pertineant,
1149 1863 1160 1874 .
1225 1814 1279 1853 2,
1319 1809 1404 1855 16,
1437 1817 1496 1847 20

389 1870 679 1918 fraudantes
707 1866 958 1930 vestigalia
983 1862 1044 1911 ad
1083 1861 1194 1928 quid
1231 1877 1496 1914 teneantur.

1231 1942 1291 1983 2,
1328 1943 1409 1984 ¹7,
1449 1940 1500 1975 ¹6

392 2001 582 2042 Fretum
614 1995 757 2046 maris
790 1992 938 2055 potest
961 1988 1201 2056 occupari.
1341 2008 1357 2038 1
1378 2026 1391 2048 ,
1415 2004 1499 2068 3’.⁸

394 2060 585 2107 Fmstus
619 2071 671 2103 ut
709 2059 791 2106 uni
833 2060 1011 2120 populo
1046 2056 1305 2105 vendantur
1343 2060 1501 2119 paetio

460 2139 520 2168 an
556 2123 701 2171 licita.
1252 2135 1310 2175 2,
1350 2138 1406 2177 2,
1443 2141 1505 2181 24

399 2186 589 2232 Frustus
617 2185 696 2246 qui
723 2180 1004 2229 restituendi.
1171 2197 1199 2227 2
1220 2216 1231 2232 ,
1269 2198 1352 2239 10,
1386 2205 1443 2244 4,
1472 2199 1496 2235 6

396 2249 584 2297 Frustus
616 2247 909 2299 industriales
939 2246 1002 2292 rei
1043 2260 1139 2295 non
1166 2244 1408 2296 debentur.
1445 2267 1471 2298 2
1491 2289 1503 2309 ‚

1357 2329 1438 2371 10,

397 2375 587 2425 Frustus
615 2372 880 2434 consumpti
901 2388 959 2419 an
986 2371 1268 2423 restituendi.
1308 2391 1332 2421 2
1350 2411 1362 2432 ,
1384 2336 1505 2435 lm?

398 2439 587 2485 Fructus
631 2440 680 2485 in
715 2452 828 2499 pace
863 2439 943 2500 qui
984 2435 1183 2487 conceffi
1221 2441 1493 2503 intelligan-

460 2516 547 2551 tur.
1216 2522 1235 2558 3
1259 2538 1272 2559 2
1309 2519 1399 2562 20,
1439 2525 1498 2558 22

399 2567 587 2619 Faustus
619 2581 726 2612 cum
755 2581 803 2612 re
826 2565 1108 2616 restituendi.
1173 2584 1231 2623 2,
1267 2585 1350 2624 10,
1393 2587 1410 2618 r
1433 2608 1445 2628 ,
1476 2593 1495 2630 ς

400 2632 584 2678 Ρωθωε
625 2629 893 2678 restituendi
931 2647 989 2679 ex
1025 2633 1207 2681 damno
1245 2633 1376 2682 dato.
1447 2652 1504 2694 2,

1357 2714 1373 2744 1
1386 2715 1411 2753 7
1429 2734 1442 2755 ›

402 2753 585 2802 Frufftus
616 2753 827 2812 duplices
853 2753 1083 2803 industriae
1113 2760 1161 2805 ὅ(
1194 2757 1272 2807 tei.
1313 2779 1367 2818 2,
1406 2726 1506 2824 104,>

404 2808 410 2813 ’
456 2837 502 2875 4.
540 2818 618 2877 qui
648 2832 753 2862 eum
783 2818 980 2875 impedit
1011 2823 1213 2882 recipere
1242 2827 1322 2885 qui
1357 2832 1494 2889 perci—

458 2882 614 2943 piendi
643 2895 725 2926 eos
750 2882 817 2937 jus
844 2879 1202 2937 habet,tenctur
1226 2887 1392 2938 damni
1421 2895 1502 2942 da-

454 2947 520 2999 ti,
554 2942 733 2992 etiami}
761 2944 851 3005 ipse
877 2944 995 2993 nihil
1023 2952 1241 3012 percepit.
1280 2969 1399 3009 2,rr
1430 2979 1500 3016 >4-

455 3022 504 3056 ut
530 3007 632 3054 suos
660 3008 802 3054 faciat
832 3007 1059 3072 possessor
1081 3017 1119 3065 h.
1145 3017 1187 3071 f.
1226 3031 1326 3065 non
1352 3019 1416 3065 est
1444 3040 1502 3071 ex

457 3076 556 3133 jure
597 3074 810 3120 naturali.
847 3089 904 3128 2,
934 3086 986 3132 8,
1014 3094 1089 3130 23.
1133 3084 1230 3125 vide
1270 3082 1499 3135 Poffeffor

460 3142 495 3185 ό,
525 3138 566 3193 f,
599 3150 741 3197 quare
769 3150 980 3187 teneatur
1013 3142 1261 3192 restituere.
1395 3155 1493 3201 ibid.

409 3202 646 3250 Frustuum
694 3201 912 3249 dominus
973 3205 1037 3252 est
1094 3211 1370 3258 naturaliter
1419 3218 1501 3278 qui

463 3266 683 3311 dominus
715 3264 776 3312 est
813 3267 889 3315 rei.
928 3284 985 3325 2,
1027 3284 1112 3326 10,
1145 3292 1189 3331 4.
1226 3274 1275 3319 in
1307 3283 1500 3337 penuria

453 3330 710 3385 frumenti,
739 3332 848 3377 civis
892 3335 1036 3381 etiam
1085 3338 1124 3381 vi
1165 3339 1275 3400 cogi
1314 3344 1496 3402 potest,

460 3406 511 3443 ut
539 3394 670 3456 quod
696 3393 835 3442 habet
861 3398 1074 3446 conferat
1098 3401 1146 3447 in
1172 3401 1400 3458 medium.
1442 3427 1467 3457 2
1487 3447 1499 3467 ,

1346 3485 1403 3523 23
1425 3505 1438 3527 ν
1475 3492 1494 3527 3

413 3527 524 3582 {oga
550 3535 612 3568 an
642 3518 700 3567 fit
726 3520 1045 3584 ignominiosa
1067 3526 1217 3577 nobili
1248 3533 1500 3592 praesertim

454 3598 553 3645 qua
577 3586 727 3633 vitam
754 3592 929 3635 lervare
955 3589 1134 3647 studet,
1163 3609 1309 3657 quam
1346 3600 1390 3645 vi
1425 3616 1494 3647 ar-

456 3662 591 3696 mata
611 3649 652 3696 se
666 3651 843 3697 servare
855 3652 986 3713 vposse
999 3658 1215 3706 confidit.
1237 3678 1280 3715 2,
1301 3675 1343 3716 r,
1365 3678 1438 3719 10,
1463 3681 1503 3719 3·

454 3712 569 3761 fid'ca
587 3714 754 3770 ,dolus
771 3715 835 3762 est
862 3733 956 3765 non
980 3720 1186 3781 injustus.
1210 3743 1228 3778 3
1251 3761 1263 3780 ‚
1289 3742 1302 3770 t
1326 3760 1339 3781 ‚
1358 3736 1400 3777 8.
1425 3730 1498 3777 fu—

458 3793 573 3840 gam
602 3778 806 3844 hostium
829 3794 925 3841 quo
950 3786 1045 3842 jure
1063 3788 1158 3835 dux
1183 3787 1307 3837 falso
1335 3794 1503 3842 militi-

454 3840 540 3888 bus
570 3843 657 3890 suis
684 3842 822 3904 possit
867 3849 1100 3904 nunciare.
1141 3869 1160 3907 3
1186 3886 1200 3909 ,
1237 3869 1286 3910 1,
1320 3871 1392 3912 14-
1429 3857 1505 3906 fu·

458 3921 570 3969 gere
597 3923 709 3958 num
739 3911 878 3956 liceat
907 3915 1125 3977 captivo,
1164 3916 1293 3966 bello
1312 3920 1506 3979 injusto.

453 3975 551 4019 vide
575 3974 822 4032 captivus,

421 4037 710 4087 ‘unctionem
732 4054 1042 4096 res1‚numero
1069 4050 1120 4098 δε
1142 4047 1357 4098 mensura
1383 4066 1498 4103 con·

451 4101 659 4166 stantes,
688 4108 942 4169 quomodo
966 4113 1213 4176 recipi-ant.
1254 4131 1284 4166 2
1301 4128 1424 4181 no,
1443 4136 1492 4178 η

1612 911 1703 958 cidi
1732 911 2077 975 falsosquidarn
2106 915 2362 965 tradidere.
2403 932 2428 963 2
2448 952 2462 973 ,
2502 932 2521 963 1
2545 951 2559 972 ‚
2599 932 2680 990 13t

1615 975 1695 1021 lex
1742 990 1843 1035 quae
1882 979 2035 1027 furem
2072 981 2270 1043 impune
2315 981 2430 1028 dicit
2470 981 2679 1028 interfici

1620 1052 1720 1085 non
1742 1039 1825 1086 dat
1844 1042 1913 1097 jus
1943 1044 2260 1093 interficiendi
2288 1061 2413 1093 eum.
2463 1062 2490 1093 2
2506 1080 2520 1102 ,
2541 1061 2559 1092 1
2582 1081 2595 1105 ,
2618 1064 2678 1108 14

1556 1103 1685 1157 Euris
1707 1103 1930 1151 nosturni
1958 1112 2006 1156 ὃς
2028 1109 2187 1158 tliurni
2215 1109 2455 1158 distinctio
2483 1126 2581 1173 quo
2603 1112 2680 1168 ju-

1616 1182 1664 1212 re
1690 1167 1885 1215 nitatur.
2338 1191 2364 1222 2
2386 1211 2398 1232 ‚
2437 1192 2455 1221 1
2476 1210 2489 1231 ,
2528 1191 2614 1231 12,
2655 1190 2676 1224 1

1557 1230 1772 1277 Furiosus
1799 1233 2127 1293 promittendo
2166 1254 2266 1289 non
2291 1240 2550 1304 obligatur.
2619 1257 2645 1288 2
2662 1274 2677 1296 ,

2526 1322 2542 1352 1
2559 1320 2577 1351 r
2598 1338 2614 1361 ,
2654 1320 2675 1360 ς

1563 1362 1749 1405 Furtum
1783 1373 1951 1408 contra
1973 1364 2045 1422 jus
2076 1369 2307 1417 naturale.
2378 1385 2397 1416 1
2420 1403 2434 1425 ‚
2461 1384 2480 1415 ῐ
2505 1404 2519 1424 ,
2544 1385 2628 1424 10,
2650 1387 2682 1428 4

1562 1427 1752 1469 Furtum
1781 1426 1881 1482 jure
1912 1431 2115 1476 naturali
2147 1432 2442 1492 prohibitum
2460 1448 2558 1493 quo
2576 1434 2683 1481 sen—

1623 1483 1685 1534 su.
1729 1494 1784 1543 1,'
1820 1505 1835 1533 r
1859 1524 1873 1543 ,
1913 1505 1986 1539 10,
2022 1495 2244 1553 punitum
2272 1500 2525 1558 quomodo
2562 1498 2619 1545 fit
2654 1514 2682 1545 a

1623 1553 1797 1598 Graecis
1820 1557 1869 1601 ὅ(
1900 1555 2084 1616 Judaeis.
2119 1575 2172 1613 2,
2196 1577 2256 1606 20
2278 1596 2290 1616 ,
2314 1579 2387 1616 32.
2423 1578 2524 1610 non
2558 1565 2683 1611 sem-

1621 1629 1703 1675 per
1752 1622 2072 1668 committitur
2107 1626 2356 1681 ereptione
2396 1629 2461 1673 rei
2495 1629 2681 1676 alienae.

1621 1693 1639 1723 ι
1662 1712 1677 1734 ,
1713 1694 1766 1733 1,
1810 1698 1880 1730 10.
1921 1687 1969 1733 &
2003 1702 2057 1741 2,
2085 1705 2139 1738 21
2161 1721 2175 1743 2
2205 1697 2249 1737 6.
2287 1706 2391 1738 non
2417 1694 2684 1741 committit

1621 1741 1660 1787 is
1689 1745 1766 1804 qui
1794 1743 1926 1795 bello
1954 1750 2128 1807 injusto
2157 1767 2316 1815 captus
2354 1771 2422 1802 res
2451 1755 2552 1803 suas
2589 1759 2682 1805 do-

1623 1807 1759 1853 mino
1784 1808 2011 1862 [obducit.
2053 1832 2073 1867 3
2096 1851 2109 1870 ‚
2148 1833 2201 1871 7,
2241 1829 2283 1866 6.
2321 1819 2569 1867 subdud'tio
2597 1839 2683 1870 va·

1623 1869 1777 1919 sorum
1823 1874 1948 1922 safita
1992 1882 2219 1943 AEgyptiis
2265 1882 2324 1930 ab
2374 1884 2584 1933 Hebraeis
2619 1904 2680 1936 an

1619 1934 1796 1985 furtum
1820 1940 1976 1989 fuerit.
2016 1959 2074 1999 2,
2115 1961 2174 2000 7,
2208 1962 2252 1992 2.
2289 1958 2455 1997 Ammoi.
2496 1967 2531 1997 1.

1558 2001 1752 2073 Furtum
1778 2001 1837 2048 de
1867 2005 2040 2064 pascuo
2077 2025 2225 2071 quam
2252 2011 2311 2060 de
2346 2012 2496 2060 domo
2538 2027 2686 2075 quare

1625 2079 1773 2111 acrius
1800 2083 2037 2126 puniatur.
2398 2093 2457 2130 2,
2495 2094 2553 2129 29
2573 2114 2585 2133 ,
2624 2097 2683 2139 34

1558 2129 1716 2176 Furari
1741 2132 1866 2192 apud
1895 2140 2152 2197 spartanos
2180 2139 2313 2189 licuit
2341 2140 2389 2188 ὃς
2413 2145 2684 2204 AEgyptios.

2468 2224 2485 2255 κ
2653 2227 2680 2256 2

1559 2253 1618 2302 de
1633 2259 1815 2306 Futuris
1843 2271 1938 2310 tres
1963 2265 2199 2330 loquendi
2226 2268 2399 2332 gradus
2426 2227 2686 2319 obs'erssa’m-

1618 2321 1684 2376 di.
2436 2351 2464 2382 2
2482 2369 2495 2390 ,
2533 2351 2551 2381 1
2570 2353 2587 2383 r
2606 2371 2622 2395 ‚
2657 2352 2678 2384 1

2085 2463 2149 2510 G.

2591 2612 2643 2651 13
2669 2632 2684 2652 ι

2565 2679 2631 2718 4,·
2653 2678 2683 2709 2

1563 2709 1853 2755 Gaoaonitis
1894 2724 1957 2756 an
2006 2709 2142 2768 Jofua
2189 2717 2305 2772 juste
2346 2723 2550 2779 potuerit
2578 2740 2685 2775 non

1624 2770 1805 2820 servare
1832 2772 2086 2835 promissa,
2124 2776 2186 2824 ob
2216 2785 2527 2835 mendacium
2553 2787 2683 2850 ipso-

1622 2850 1740 2884 rum.
2413 2869 2439 2898 2
2472 2886 2486 2907 ,
2527 2868 2582 2904 1³
2603 2872 2633 2910 ‚¹
2653 2875 2685 2915 4

1562 2901 1695 2946 Galli
1725 2900 1828 2947 sunt
1854 2904 2023 2951 Franci
2053 2910 2391 2961 occidentales.
2412 2930 2438 2959 2
2457 2949 2472 2968 ‚
2505 2932 2563 2973 9,
2606 2934 2684 2969 Π.

1619 2977 1679 3010 an
1708 2964 1822 3020 juste
1849 2981 1875 3012 a
1902 2973 2140 3021 Romanis
2161 2978 2331 3026 locum
2360 2977 2480 3026 sedis
2506 2981 2685 3029 consti-

1622 3030 1811 3077 tnendae
1843 3034 2080 3092 petierint.
2419 3057 2447 3088 2
2468 3079 2482 3100 ,
2518 3061 2546 3092 2
2567 3080 2581 3101 ,
2623 3063 2683 3101 17

1558 3093 1716 3138 Gallis
1744 3099 1969 3142 Hercules
1995 3100 2113 3151 juste
2137 3100 2323 3150 bellum
2352 3103 2529 3164 infert,
2567 3112 2682 3174 quIa

1568 3189 1570 3192 v
1615 3171 1779 3204 carnes
1806 3159 2040 3210 humanas
2056 3167 2386 3226 epulabantur.
2427 3189 2453 3218 2
2471 3209 2484 3230 ‚
2507 3189 2566 3221 20
2587 3196 2682 3234 ,40

1555 3222 1798 3270 Gallicum
1833 3226 1903 3284 jus
1936 3227 1996 3273 cle
2026 3234 2184 3292 praeda
2209 3234 2471 3285 maritima.
2525 3255 2546 3292 3
2571 3275 2583 3296 ,
2622 3252 2680 3296 6,

2523 3320 2585 3361 24
2602 3340 2616 3360 ,
2653 3318 2677 3353 8

1552 3349 1728 3398 Galliae
1757 3354 1828 3407 ius
1855 3354 1977 3401 circa
2010 3360 2334 3419 praedationes
2371 3375 2474 3427 qua:
2509 3383 2679 3419 contra

1618 3417 1777 3477 legem
1806 3420 2043 3479 publicam
2070 3423 2212 3475 fiunt.
2350 3447 2377 3477 2
2397 3464 2411 3484 ,
2435 3446 2492 3486 17
2507 3466 2519 3486 ‚
2541 3451 2628 3489 203
2649 3454 2675 3482 ι

1554 3481 1711 3526 Gallis
1752 3484 2014 3533 Senonibus
2060 3505 2121 3537 an
2165 3497 2316 3540 Rom.
2364 3493 2481 3553 juste
2512 3512 2677 3548 aurum

1616 3547 1837 3607 negarint
1860 3582 1875 3603 ,
1909 3551 2044 3612 quod
2091 3554 2195 3604 dari
2232 3555 2338 3619 ipsis
2391 3561 2594 3619 polliciti
2629 3579 2681 3609 e-

1613 3623 1751 3667 rant,
1786 3613 1869 3674 qui
1895 3616 1945 3663 in
1973 3618 2225 3680 Capitolio
2251 3624 2589 3673 remanserunt.
2631 3645 2680 3683 2,

1558 3737 1807 3789 Gelricum
1838 3743 1911 3801 jus
1948 3743 2008 3792 de
2040 3746 2192 3795 insula
2235 3752 2289 3800 ὃς
2319 3706 2677 3812 αΠανῑοιιῙεῗίῗ

2529 3828 2583 3870 8,
2620 3837 2637 3867 ι

1560 3871 1825 3940 Gener-atio
1863 3874 1984 3936 parit
2025 3877 2097 3935 jus
2124 3877 2174 3924 in
2200 3893 2315 3928 rem.
2359 3896 2414 3936 2,
2454 3899 2508 3936 ς,
2551 3898 2594 3933 r.
2625 3841 2682 3935 δέ

1622 3940 1890 3995 perlonam.
2458 3964 2517 4001 2,
2556 3963 2607 4004 ς,
2653 3960 2678 3997 8

1557 2582 1675 2698 G
1695 2578 2043 2633 Abaonitarum
2068 2588 2410 2643 controversia.
2493 2608 2520 2641 2
2536 2629 2549 2651 ‚

1522 4046 1524 4049 ,
1560 4002 1756 4049 Genero
1789 4018 1897 4051 cum
1924 4004 2055 4058 socru
2089 4005 2449 4077 matrimonium
2480 4009 2546 4065 est
2571 4014 2678 4069 illi-

1620 4065 1783 4114 eitum.

1685 4188 1854 4245 Bbbb
1886 4214 1920 4258 4

2441 4089 2672 4135 2,5‚13

2590 4208 2690 4253 (ἑοῖὃ
