3182 5113
954 438 1026 478 Π,
1420 370 2435 473 MARELIBERUM
2794 443 2923 501 ας.

946 528 1341 591 Dominicanis
1371 567 1385 591 ‚
1424 526 1700 583 decretum
1755 525 1947 586 fuiffe.
1998 524 2109 582 sola
2162 527 2315 583 verbi
2375 527 2771 599 praedicatione
2825 554 2928 599 non

947 608 1096 665 bello
1139 608 1499 663 Americanos
1541 602 1608 659 ad
1648 601 1808 659 fidem
1837 601 2239 660 traducendos:
2281 604 2586 662 libertatem
2615 611 2777 664 etiam
2814 630 2928 684 qua:

953 686 1064 743 illis
1121 701 1190 739 eo
1242 681 1468 738 nomine
1521 692 1711 752 erepta
1759 679 1895 735 effet
1927 721 1942 746 ‚
1981 679 2187 735 restitui
2243 678 2473 747 debere,
2514 682 2665 753 quod
2702 684 2731 739 ὲ
2770 685 2927 748 Paulo

958 763 1121 818 tertio
1163 758 1433 817 Pontifice
1460 797 1475 821 ‚
1499 754 1551 812 ἃ
1595 756 1801 813 Carolo
1841 757 1913 812 V.
1955 756 2725 831 Imperatore,Hispaniarum
2765 761 2927 837 Rege,

960 836 1391 911 comprobatum
1428 833 1641 891 dicitur.
1721 833 2041 890 Omittimus
2077 832 2186 900 jam
2209 878 2222 899 ‚
2264 835 2556 891 Lusitanos
2587 836 2641 889 in
2672 837 2926 913 plerisque

960 916 1203 990 partibus
1227 913 1552 983 religionem
1581 909 1721 969 nihil
1756 926 2121 983 promovere,
2166 927 2234 965 ne
2279 927 2503 982 operam
2535 908 2755 982 quidem
2790 913 2930 984 dare,

965 1009 1096 1048 cum
1126 990 1223 1044 soli
1256 989 1411 1044 lucro
1445 987 1749 1057 invigilent.
1787 990 1913 1044 Imo
1944 985 1994 1040 ἃ
2021 984 2154 1040 illud
2188 987 2263 1040 ibi
2297 1003 2492 1042 verum
2524 985 2661 1051 effe,
2700 991 2844 1060 quod
2873 993 2928 1049 de

961 1067 1214 1137 Hispanis
1240 1067 1296 1121 in
1328 1064 1582 1120 America
1612 1061 1882 1134 Hispanus
1918 1061 2144 1133 scripsit,
2184 1078 2300 1118 non
2330 1062 2620 1126 miracula,
2658 1081 2770 1120 non
2805 1067 2929 1139 signa

963 1143 1172 1206 audiri,
1199 1159 1313 1198 non
1348 1139 1598 1210 exempla
1620 1142 1749 1195 vitae
1771 1137 2077 1210 religiosae,
2104 1154 2229 1209 quae
2257 1137 2320 1193 ad
2353 1139 2581 1195 eandem
2617 1137 2784 1195 fidem
2815 1143 2927 1200 alios

962 1219 1185 1292 poffent
1213 1217 1528 1289 impellere,
1570 1215 1658 1271 sed
1701 1215 1872 1272 inulta
1917 1214 2186 1281 scandala,
2228 1216 2396 1272 multa
2437 1213 2715 1281 facinora,
2756 1219 2925 1275 multas

967 1298 1297 1367 impietates,
1378 1295 1562 1370 Quare
1586 1310 1708 1349 cuin
1739 1289 1791 1346 ἃ
1833 1288 2080 1364 poffeffio
2114 1289 2164 1345 δι
2196 1291 2387 1348 titulus
2432 1290 2648 1347 deficiat
2684 1293 2929 1364 poffessio·

970 1374 1090 1437 nis,
1135 1387 1316 1442 neque
1341 1386 1421 1424 res
1458 1367 2088 1438 ditionesquelndoruin
2120 1384 2219 1438 pro
2249 1368 2438 1424 talibus
2474 1368 2663 1423 haberi
2700 1366 2928 1441 debeant,

970 1448 1120 1522 quasi
1162 1445 1364 1503 nullius
1406 1456 1532 1499 ante
1561 1444 1811 1508 fuifl‘ent,
1854 1460 2038 1514 neque
2080 1461 2202 1498 cum
2236 1443 2452 1500 illorum
2494 1442 2699 1508 essent,
2740 1446 2803 1498 ab
2841 1447 2928 1504 aliis

968 1527 1114 1582 recte
1144 1522 1352 1595 acquiri
1389 1523 1715 1593 potuerint,
1758 1520 1998 1592 sequitur
2040 1520 2302 1575 Indorum
2345 1520 2618 1591 populos,
2661 1517 2729 1575 de
2764 1522 2925 1592 quibus

687 1622 722 1652 a
747 1605 857 1654 Vici.
886 1603 930 1648 in
974 1620 1078 1659 nos
1110 1601 1386 1670 loquimur
1407 1640 1419 1662 ‚
1463 1598 1846 1653 Lusitanorum
1880 1597 2131 1668 proprios
2160 1612 2277 1650 non
2323 1595 2461 1659 effe,
2504 1595 2590 1649 sed
2627 1595 2857 1666 liberOS,
2889 1599 2926 1653 <ii

678 1668 1052 1786 {Tssrffigghesui
1085 1678 1249 1748 juris:
1292 1673 1359 1730 de
1386 1689 1501 1745 quo
1535 1673 1635 1747 ipsi
1662 1671 1913 1729 doctores
1943 1667 2176 1764 Hispani
2205 1685 2319 1727 non
2353 1671 2609 1730 dubitant
2656 1690 2711 1725 a.

685 1800 737 1847 ds
760 1801 892 1853 [ndis.

1519 1860 2178 1930 CAPUT
2325 1854 2416 1927 V.

972 2060 1183 2133 filare
1217 2060 1519 2130 aclIndos
1555 2071 1674 2126 aut
1690 2056 1810 2148 jus
1846 2054 1907 2123 eb
1944 2055 2314 2147 navigandi
2346 2078 2469 2124 non
2501 2057 2932 2149 effiepreprium

1368 2159 1834 2246 Lusitanorum
1869 2155 2064 2222 titulo
2109 2156 2558 2245 occupationis.
2800 2153 2805 2157 ’

979 2355 1065 2452 SI
1106 2370 1239 2424 ergo
1281 2353 1335 2408 in
1380 2351 1621 2425 populos
1650 2363 1930 2420 terrasque
1972 2347 2022 2404 ἃ
2064 2348 2300 2405 ditiones
2345 2347 2589 2404 Lusitani
2631 2349 2715 2417 jus
2761 2348 2934 2404 nullum

1074 2429 1472 2501 quaessverunt,
1519 2427 1804 2483 videamus
1844 2442 1909 2495 {in
1950 2440 2098 2481 mare
2139 2423 2190 2480 ἃ
2232 2425 2665 2495 navigationem,
2713 2439 2803 2482 aut
2832 2442 2936 2480 mer·

989 2520 1228 2562 caturam
1281 2504 1358 2561 sui
1401 2504 1529 2571 juris
1579 2504 1760 2560 facere
1796 2503 2091 2573 potuerint.
2171 2502 2261 2557 De
2311 2503 2443 2556 mari
2483 2514 2659 2557 autem
2694 2505 2865 2575 prima
2900 2498 2938 2552 fit

985 2581 1354 2638 consideratio
1376 2623 1388 2644 ,
1434 2579 1584 2653 quod
1610 2597 1729 2635 cum
1762 2579 1950 2649 paffim
1977 2578 2028 2631 in
2058 2578 2179 2644 jure
2210 2590 2301 2632 aut
2327 2576 2528 2632 nullius
2554 2620 2567 2643 ‚
2612 2591 2704 2634 aut
2735 2590 2938 2631 commu·

985 2675 1092 2722 ne,
1139 2667 1231 2712 aut
1263 2657 1538 2725 publicum
1574 2657 1714 2729 Juris
1749 2655 2002 2726 gentium
2042 2652 2282 2716 dicatur,
2323 2654 2411 2709 hae
2449 2670 2618 2708 voces
2651 2651 2781 2720 quid
2818 2648 2937 2721 signi·

994 2731 1163 2788 ficent
1188 2734 1259 2787 ita
1289 2731 1724 2789 commodissime
1755 2729 2115 2802 explicabitur
2137 2767 2156 2795 ,
2193 2728 2230 2783 si
2270 2730 2468 2785 Poe'tas
2511 2729 2577 2780 ab
2625 2724 2875 2781 Hesiodo
2907 2739 2939 2776 ο·

996 2826 1170 2874 mne5‚
1191 2808 1240 2864 ἃ
1265 2808 1654 2881 Philosophos,
1676 2804 2146 2879 &jurisconsultos
2182 2817 2390 2859 veteres
2424 2801 2614 2856 imitati
2644 2801 2699 2855 in
2730 2813 2938 2871 tempora

988 2885 1378 2957 distinguamus
1400 2927 1413 2950 ‚
1458 2902 1518 2938 ea
1538 2927 1551 2949 ,
1601 2901 1727 2955 quae
1752 2897 2003 2954 tempore
2027 2882 2170 2936 forte
2199 2875 2342 2932 haud
2379 2874 2578 2947 longo,
2621 2892 2764 2933 certa
2795 2887 2937 2932 tamen

990 2964 1208 3019 ratione
1241 2960 1289 3014 ἃ
1327 2960 1402 3013 sui
1425 2973 1610 3014 natura
1644 2960 1873 3014 discreta
1910 2960 2048 3010 sunt.
2123 2954 2327 3021 Neque
2358 2951 2513 3005 nobis
2547 2953 2683 3006 vitio
2719 2952 2851 3007 verti
2875 2949 2936 3003 de·

991 3038 1118 3100 bet,
1162 3037 1196 3092 si
1227 3038 1278 3091 in
1309 3036 1439 3103 juris
1471 3054 1500 3090 a
1528 3047 1716 3090 natura
1750 3028 2100 3105 procedentis
2141 3026 2536 3099 explicatione,
2578 3022 2936 3084 aufioritate&

985 3114 1165 3170 verbis
1212 3128 1409 3169 eorum
1449 3114 1679 3175 utimur,
1722 3125 1864 3180 quos
1916 3102 2124 3159 constat
2173 3103 2400 3157 naturali
2441 3102 2645 3170 judicio
2679 3105 2934 3176 plurimum

986 3189 1229 3242 valuiffe.
1311 3184 1605 3238 Sciendum
1639 3184 1714 3238 est
1750 3183 1911 3254 igitur
1951 3181 2002 3234 in
2038 3178 2340 3251 primordiis
2369 3179 2499 3234 vitae
2540 3180 2792 3235 humanae
2825 3171 2933 3232 aliud

794 3322 801 3332 ,
992 3278 1160 3334 quam
1197 3276 1346 3316 nunc
1376 3258 1453 3315 est
1483 3258 1792 3315 dominium
1814 3300 1829 3323 ‚
1866 3254 2010 3311 aliud
2045 3256 2495 3311 communionem
2524 3253 2677 3313 fuiffe
2700 3255 2747 3310 b.
2824 3253 2932 3310 Nam

710 3324 735 3369 ὗ
752 3321 981 3397 VideGios.
994 3339 1301 3394 dominium
1331 3351 1478 3389 nunc
1503 3335 1784 3407 proprium
1821 3331 1952 3404 quid
1979 3328 2241 3404 significat
2258 3371 2272 3395 ‚
2293 3331 2445 3402 quod
2469 3330 2667 3389 scilicet
2686 3334 2758 3390 ita
2784 3329 2853 3386 est
2872 3326 2935 3381 ali·

701 3386 1150 3499 fcssaffi'c'ssnncnjus
1175 3425 1233 3467 ut
1272 3410 1628 3482 alterius'non
1660 3410 1724 3466 fit
1760 3408 1966 3466 eodem
1993 3405 2183 3463 modo.
2262 3408 2573 3464 Commune
2616 3422 2795 3466 autem
2836 3401 2934 3459 dici¹

705 3467 1152 3579 ‘'fc‚j„‚s{2a,‚miiS,
1193 3488 1345 3555 cujus
1387 3488 1691 3560 proprietas
1733 3488 1875 3543 inter
1918 3482 2097 3555 plures
2132 3482 2410 3540 consortio
2445 3483 2688 3556 quodam
2724 3495 2812 3539 aut
2842 3492 2934 3535 con·

707 3583 796 3633 aa.
822 3596 861 3633 ι.
994 3565 1148 3623 sensu
1180 3565 1376 3620 collata
1408 3562 1517 3630 est,
1552 3563 1783 3620 exclusis
1813 3560 1946 3616 aliis.
1987 3560 2312 3632 Linguaruin
2341 3572 2631 3633 paupertas
2663 3558 2839 3631 coegit
2866 3568 2936 3607 VO·

993 3660 1082 3699 ces
1109 3640 1331 3697 easdem
1361 3641 1414 3695 in
1451 3657 1509 3695 re
1547 3656 1662 3697 non
1698 3636 1887 3696 eadem
1917 3633 2181 3708 usurpare.
2256 3636 2328 3694 Et
2360 3636 2431 3693 sic
2462 3635 2557 3694 ista
2595 3637 2765 3694 nostri
2803 3628 2934 3689 mods

990 3724 1214 3775 nomina
1254 3716 1320 3772 ad
1348 3717 1434 3785 jus
1467 3713 1602 3771 illud
1629 3716 1913 3790 pristinum
1934 3755 1947 3779 ‚
1986 3709 2333 3770 similitudine
2367 3711 2600 3786 quadam
2631 3715 2681 3770 &
2713 3710 2937 3782 imagine,

992 3795 1314 3850 referuntur.
1397 3793 1720 3849 Commune
1769 3792 1931 3864 igitur
1971 3801 2102 3846 tunc
2147 3805 2258 3845 non
2307 3788 2454 3847 aliud
2501 3791 2603 3848 fuit
2632 3807 2788 3864 quam
2819 3775 2937 3856 quod

993 3869 1303 3944 simpliciter
1331 3870 1557 3945 proprio
1580 3871 1884 3945 opponitur
1905 3863 2264 3927 :Dominium
2296 3879 2477 3928 autem
2506 3866 2732 3930 facultas
2752 3878 2854 3947 1101}
2880 3858 2936 3991 ἰὰν

2840 3952 2887 4010 lii
2922 3945 2934 3985 ἓ
