3182 5113
855 388 997 478 768
1512 374 1586 448 L
1633 376 1667 446 1
1715 373 1774 444 Β
1821 371 1887 444 E
1935 373 2018 443 R
2115 370 2243 444 1114
2504 384 2875 456 §.wvnvrn

1121 506 1214 569 Μή
1245 500 1306 566 ἳις
1339 503 1383 558 οἱ
1417 502 1786 576 ὧπμβόρᾶυῶυ
1824 503 1929 556 κίοι
1969 499 2095 562 ἴσης.

1127 614 1218 670 Ne
1244 615 1357 689 quis
1381 614 1534 689 justa
1553 611 1658 687 fibi
1683 621 1839 686 parte
1867 620 2082 668 careret.

866 726 1046 784 Aliud
1075 726 1399 800 exemplum
1431 724 1508 781 est
1544 725 1601 780 in
1634 723 1862 780 historia
1891 724 2153 780 Romana
2186 720 2256 777 de
2287 722 2678 778 Romanorum
2724 721 2867 774 navi-

620 807 984 877 aLivius‚bus
1005 848 1020 873 ,
1066 821 1203 876 quas
1246 821 1351 876 pro
1385 802 1553 858 bonis
1584 800 2025 873 Tarquiniorum
2061 799 2297 855 Cumisa
2331 795 2718 853 Aristodemus
2745 797 2867 853 Tar-

593 889 668 926 11·
700 895 774 935 34·
865 882 1187 953 quiniorum
1218 881 1396 936 haeres
1433 878 1684 934 retinuit.
1764 876 2025 933 Falnulos
2046 921 2060 944 ,
2098 877 2347 944 jumenta
2367 918 2381 942 ‚
2406 872 2671 946 pecunias
2696 883 2867 927 reten.

618 955 644 1000 h
673 961 783 1004 ΑΜ·
860 969 915 1013 ta
946 956 1134 1014 dixitb
1169 953 1680 1012 I-IalicarnaffenliS.
1758 954 1833 1010 Et
1865 952 2017 1024 apud
2041 950 2404 1009 Aristotelem
2439 949 2865 1006 Oeconomicon

587 1019 878 1082 R0”²·V¹¹·c
924 1032 1173 1090 secundo
1210 1032 1279 1088 de
1312 1031 1544 1088 decreto
1571 1030 2109 1102 Carthaginiensium
2149 1027 2216 1083 ad
2255 1023 2686 1098 prehendendas
2721 1036 2865 1079 exte-

586 1096 762 1194 ³}‘1‚3f„
870 1128 1061 1169 rorum
1099 1126 1271 1165 naves
1294 1154 1309 1178 ,
1355 1106 1399 1161 εἴ
1439 1104 1499 1168 ῗις
1536 1106 1694 1160 σόλων
1729 1106 1842 1174 ’ἔχει
1860 1148 1879 1175 ,
1920 1118 1985 1162 ut
2017 1106 2097 1161 ibi
2125 1104 2412 1178 loquitur,
2442 1100 2497 1178 fi
2525 1099 2634 1177 quis
2651 1101 2746 1174 jus
2761 1112 2868 1175 pre,

589 1224 698 1261 503,
729 1178 792 1256 ἓ
869 1187 1132 1244 hendendi
1162 1184 1391 1241 haberet.

589 1271 677 1320 Ed.
698 1271 856 1332 Par{f.
932 1263 1037 1320 VI.
1063 1264 1200 1320 Vita
1225 1275 1413 1318 autem
1439 1259 1790 1318 subditorum
1819 1259 2212 1318 innocentium
2236 1266 2300 1312 ut
2333 1273 2404 1313 ex
2434 1254 2530 1311 tali
2557 1253 2714 1311 causa
2738 1253 2868 1309 obli-

864 1353 1061 1415 getur,
1102 1340 1250 1396 forte
1291 1338 1566 1394 creditum
1608 1338 1714 1393 fuit
1748 1336 1898 1409 apud
1927 1337 2144 1410 aliquos
2179 1333 2459 1407 popu105‚
2505 1348 2575 1386 eo
2615 1331 2868 1388 nimirum

865 1416 1027 1489 quod
1054 1416 1352 1472 crederent
1374 1415 1684 1485 unicuique
1715 1414 2011 1469 hominum
2042 1414 2132 1480 ius
2166 1411 2292 1467 vitae
2325 1408 2556 1481 plenum
2578 1406 2686 1463 effe
2718 1406 2774 1461 in
2805 1405 2870 1472 se,

865 1494 921 1550 ἃ
953 1493 1011 1548 id
1036 1492 1105 1548 ad
1128 1492 1533 1566 rempublicam
1565 1489 1809 1562 potuiffe
1842 1488 2158 1545 transferri:
2181 1484 2336 1558 quod
2360 1485 2589 1541 minime
2620 1482 2727 1538 esse
2751 1500 2868 1554 pro-

863 1570 1088 1639 babile,
1127 1586 1235 1625 nec
1273 1568 1475 1624 saniori
1507 1565 1814 1637 theologiae
1850 1564 2284 1620 consentaneum
2306 1605 2319 1627 ‚
2367 1575 2423 1615 27
2457 1558 2588 1613 alibi
2622 1557 2867 1613 diximus

865 1646 1016 1704 Fieri
1041 1661 1229 1702 tamen
1263 1646 1513 1718 poterit,
1555 1658 1674 1696 non
1708 1657 1779 1696 ex
1826 1640 2182 1703 intentione,
2226 1634 2317 1687 sed
2349 1649 2419 1687 ex
2462 1630 2772 1701 accidenti,
2814 1648 2868 1689 ut

866 1721 1202 1778 occidantur
1222 1721 1318 1792 qui
1339 1721 1472 1787 juris
1500 1718 1899 1774 executionem
1932 1732 2031 1787 per
2063 1714 2176 1765 vim
2201 1708 2402 1763 volunt
2432 1706 2724 1778 impedire.
2770 1709 2868 1767 Sed

863 1795 929 1851 id
958 1796 1433 1868 fispraevideatur,
1467 1811 1539 1847 ex
1570 1791 1812 1846 caritatis
1837 1790 1962 1860 lege
1986 1781 2354 1843 omittendam
2381 1782 2569 1852 potius
2597 1783 2730 1850 juris
2763 1803 2872 1857 per-

864 1872 1215 1928 secutionem
1245 1870 1363 1944 (ii)
1394 1868 1525 1923 alibi
1565 1866 1907 1922 ostendimus
1935 1908 1948 1930 ‚
1993 1877 2116 1916 cum
2149 1875 2220 1914 ex
2256 1873 2320 1912 ea
2365 1856 2521 1930 lege,
2564 1859 2875 1918 Christianis

869 1948 1173 2021 praesertirn
1198 1991 1215 2017 ,
1257 1945 1430 2018 pluris
1463 1942 1571 1999 effe
1609 1942 1814 1996 debeat
1846 1940 1960 1994 vita
1997 1934 2242 1993 hominis
2270 1949 2434 2007 quam
2464 1951 2551 1991 res
2575 1935 2788 2007 nostra,
2818 1948 2875 1994 ut

624 2023 1057 2094 dLib.11‚alibid
1091 2022 1537 2081 demonstratum
1574 2017 1670 2074 est.

597 2103 854 2162 c.1.§.12·
952 2099 1085 2156 VII.
1137 2115 1185 2154 r.
1241 2097 1523 2152 Caetcrum
1570 2109 1688 2149 non
1728 2087 1909 2146 minus
1951 2086 2009 2145 in
2049 2086 2156 2145 hac
2193 2088 2424 2145 materia
2463 2105 2631 2161 quam
2676 2090 2732 2145 in
2766 2089 2868 2145 aliis

593 2165 652 2217 ΞΥ
681 2182 757 2221 ¹3·
881 2175 1195 2234 cavendum
1253 2173 1330 2229 est
1361 2216 1376 2240 ,
1438 2188 1511 2226 ne
1551 2166 1965 2227 confundamus
2008 2183 2074 2221 ea
2113 2182 2234 2236 quae
2284 2166 2417 2233 jnris
2471 2167 2720 2238 gentium
2764 2165 2870 2220 sunt

874 2254 1101 2328 proprie
1129 2296 1145 2321 ‚
1213 2247 1267 2305 &
1306 2265 1372 2305 ea
1411 2265 1535 2321 quae
1585 2248 1708 2317 jure
1744 2243 1893 2302 civili
1933 2254 2031 2300 aut
2081 2242 2253 2316 pactis
2303 2243 2650 2316 populorum
2692 2242 2871 2299 consti-

877 2341 1127 2387 tuuntur.

956 2425 1007 2462 2.
1050 2407 1181 2481 Jure
1219 2404 1475 2478 gentium
1513 2401 1795 2470 subjacent
1825 2398 2211 2474 pignorationi
2247 2413 2444 2456 omnes
2481 2397 2684 2454 subditi
2720 2407 2773 2444 28
2810 2395 2875 2450 in-

628 2513 649 2548 e
683 2498 794 2545 Dec.
877 2485 1076 2553 juriarn
1112 2481 1396 2547 facientis,
1454 2494 1476 2525 e
1511 2481 1609 2553 qui
1640 2479 1772 2534 tales
1798 2477 1922 2532 sunt
1951 2493 2023 2532 ex
2060 2476 2217 2532 causa
2236 2485 2633 2548 permanente,
2673 2473 2784 2529 five
2812 2473 2872 2526 in-

597 2564 710 2621 conf-
735 2576 842 2613 352·
891 2559 1104 2632 digenae
1122 2603 1139 2627 ,
1161 2558 1274 2614 five
1309 2556 1540 2612 advenae
1560 2576 1572 2612 2
1596 2572 1712 2611 non
1738 2555 1833 2627 qui
1858 2552 2181 2609 transeundi
2207 2563 2300 2606 aut
2330 2568 2496 2607 morae
2523 2551 2737 2620 exiguae
2768 2563 2881 2603 cau-

600 2624 711 2673 Bal.
756 2625 791 2669 Ι·
829 2634 945 2689 3·sa
984 2635 1188 2689 alicubi
1228 2633 1371 2688 sunt.
1451 2632 1789 2688 introductae
1823 2630 1970 2685 enim
2005 2628 2128 2684 sunt
2151 2628 2574 2701 pignorationes
2602 2621 2677 2672 ad'
2702 2631 2886 2673 exem-

601 2687 778 2815 {ffiffff‘
884 2710 1042 2784 plum
1072 2726 1343 2777 onerum,
1412 2727 1532 2781 quae
1564 2725 1668 2781 pro
1710 2704 2065 2764 exsolvendis
2099 2703 2300 2760 debitis
2341 2696 2577 2771 publicis
2615 2691 2884 2777 inducun-

719 2782 736 2798 ⁸
888 2799 978 2842 tur
1003 2831 1017 2855 ‚
1062 2803 1306 2858 quorum
1352 2785 1630 2840 immunes
1669 2784 1794 2840 sunt
1838 2783 1938 2855 qui
1977 2792 2192 2837 tantum
2224 2792 2325 2847 pro
2371 2783 2627 2854 {empore
2661 2767 2780 2851 JOCI
2812 2767 2882 2821 le-

880 2863 1045 2935 gibus
1086 2861 1327 2918 subsunt.
1411 2863 1466 2918 A
1508 2877 1745 2917 numero
1771 2872 1958 2914 tamen
1998 2856 2341 2912 subditorum
2376 2861 2495 2913 jure
2518 2853 2768 2916 gentium
2795 2860 2883 2900 ex-

884 2938 1167 3012 cipiuntur
1205 2939 1407 3010 legati,
1451 2954 1569 2993 non
1603 2936 1670 2992 ad
1700 2937 1884 2994 hostes
1923 2932 2139 2987 nostros
2174 2921 2309 2978 missi
2335 2965 2350 2988 ‚
2396 2919 2446 2973 &
2481 2936 2566 2974 res
2598 2934 2810 2978 eorum.

958 3031 1010 3085 3.
1053 3015 1136 3071 At
1168 3017 1289 3084 jure
1323 3014 1474 3072 civili
1506 3014 1848 3087 populorum
1888 3006 2027 3075 saepe
2068 2999 2251 3081 excipi
2287 2995 2466 3050 solent
2495 2992 2741 3067 personae
2774 3013 2880 3052 mu.

877 3092 1075 3148 lierum
1111 3089 1163 3145 ἃ
1193 3091 1523 3154 infantium3
1567 3106 1761 3145 eorum
1794 3096 1931 3136 vero
1972 3079 2066 3151 qui
2096 3076 2267 3129 literis
2312 3088 2539 3141 operam
2568 3069 2701 3125 dant
2735 3069 2789 3125 &
2821 3072 2875 3128 ad

879 3178 1158 3226 mercatus
1193 3169 1436 3226 veniunt
1459 3166 1630 3220 etiam
1652 3177 1760 3215 res,
1799 3158 1930 3233 Jure
1959 3150 2212 3225 gentium
2246 3163 2304 3201 29
2339 3145 2562 3220 singulis
2588 3145 2876 3280 pignora&-⁸

2865 3241 2877 3279 ι

1120 3418 1169 3468 G
1198 3429 1239 3467 R
1273 3426 1306 3462 o
1341 3426 1381 3460 Ν
1414 3424 1449 3459 ο
1482 3424 1516 3456 v
1548 3421 1570 3458 1
1601 3420 1639 3457 1.
1913 3412 2042 3451 taxat
2071 3399 2139 3449 ibi
2167 3401 2348 3448 morati
2370 3401 2492 3450 sunt.

1981 3484 2038 3520 29
2073 3465 2273 3527 Singulis
2302 3464 2597 3529 pignorandi]
2667 3465 2873 3528 Quisque

955 3557 1019 3604 27
1053 3536 1183 3591 Alibi
1206 3533 1436 3589 diximus]
1493 3549 1554 3592 29
1593 3545 1666 3584 15·
1705 3536 1777 3576 716·
1813 3543 1875 3589 2,
1920 3531 2096 3587 injuxiae
2152 3528 2233 3576 fibi
2292 3528 2350 3575 ab
2396 3530 2555 3577 alieno
2617 3527 2874 3590 magistratu

894 3623 974 3659 21.
1003 3622 1077 3655 11.
1679 3656 1688 3665 ι
1918 3592 2052 3639 fausta:
2097 3592 2147 3639 in
2195 3589 2435 3652 subjecitos
2471 3592 2572 3653 ejus
2620 3592 2753 3639 ultor
2798 3585 2876 3638 effe

960 3683 1020 3721 28
1071 3667 1298 3727 Injuriarn
1324 3662 1568 3725 facientis]
1636 3662 1748 3714 Ejus
1789 3655 1876 3715 qui
1915 3655 2096 3719 potest,

900 3737 977 3795 ius
1006 3748 1108 3782 non
1135 3729 1343 3778 reddidit
1376 3739 1458 3774 aut
1483 3721 1703 3779 iniuriam
1745 3715 1878 3774 fecit,

906 3797 1145 3861 fiquidem
1175 3792 1394 3842 habitant
1412 3792 1459 3837 in
1492 3789 1590 3847 ejus
1609 3784 1877 3843 termene,
1987 3783 2076 3847 (ii)
2111 3784 2200 3833 Sed
2226 3785 2315 3832 hac
2340 3785 2531 3834 ratione
2557 3784 2627 3844 jus
2656 3782 2776 3832 istud
2798 3780 2882 3844 pla·

910 3874 1016 3906 non
1055 3859 1092 3906 fi
1126 3858 1317 3906 itIneris
1357 3866 1439 3901 aut
1476 3847 1876 3914 peregrinationis
1927 3844 1986 3895 ne
2019 3850 2196 3896 inutile
2219 3852 2312 3896 etit
2342 3849 2627 3897 Christiano.
2673 3847 2882 3894 Diximus

907 3922 1061 3976 aliave
1074 3922 1134 3977 de
1156 3916 1290 3974 causa
1305 3932 1501 3985 tempus
1524 3910 1728 3980 aliquod
1742 3910 1880 3966 dum·
1925 3912 1976 3969 in
2002 3914 2152 3968 Notis
2183 3912 2355 3967 nostris
2381 3913 2595 3965 Gallicis,
2622 3907 2682 3974 J.
2710 3911 2886 4025 Bdsso-
