3182 5113
630 422 1930 517 DnlunupeEN‡1A.CAr.
2011 431 2116 490 11
2285 438 2359 506 ΞΠ

357 537 483 607 quia
522 536 668 615 leges
718 510 938 611 omneS‚
994 556 1260 619 quatenus
1304 546 1607 613 libertatem
1654 548 1987 639 impediunt,
2048 548 2261 610 habent
2297 568 2351 628 a·

361 611 529 686 liquid
564 621 774 690 acerbi,
816 634 1002 688 contra
1042 623 1107 678 iis
1138 621 1352 703 lib-erari
1379 624 1538 680 dulce
1568 625 1664 708 esi.
1945 705 1956 716 ·
2224 704 2235 717 υ

365 684 902 766 “Dispensationem
942 713 1124 756 autern
1171 694 1368 752 dieram
1411 700 1673 758 credib1le
1712 702 1820 779 est,
1863 721 1991 776 quia
2029 717 2276 762 exemtio
2307 722 2347 792 ‘a
2394 737 2446 794 3,

357 763 569 837 legibus
604 789 806 846 magno
853 786 1281 849 temperamento
1332 771 1445 851 fieri
1490 777 1722 856 debeat,
1764 781 2000 854 expensa
2041 781 2172 839 hinc
2212 782 2347 856 iegls

355 846 706 915 necestitate,
747 843 874 906 inde
906 853 1164 925 qualitate
1205 849 1284 905 rei
1317 850 1522 919 pofitae.
1869 933 1880 943 ⁸
2138 937 2148 947 .

424 919 628 979 Differt
656 925 880 981 naec'ab
926 931 1182 1001 aequitate
1228 926 1496 991 multum,
1537 928 1687 997 quod
1743 947 1772 995 a
1827 936 1954 989 vrris
2005 933 2181 1017 dofflss
2219 951 2337 991 non
2387 970 2446 1024 4,

352 995 496 1049 reste
548 1013 807 1071 negatur:
879 992 996 1060 haec
1056 1002 1200 1059 enim
1244 1001 1643 1073 obligationem
1693 1003 1877 1072 tollit,
1931 1015 2158 1085 aequitas
2204 1028 2340 1091 vero

348 1068 549 1129 null-am
589 1067 693 1133 effe
722 1078 848 1149 legis
879 1072 1269 1151 obligationem
1303 1076 1554 1133 declarat.
2009 1091 2013 1097 '
2213 1166 2223 1178 ·

427 1146 593 1217 Quod
631 1152 689 1207 u't
724 1142 882 1210 ‘secie
926 1155 1285 1226 intelligatur,
1330 1149 1608 1210 sciendum
1661 1157 1772 1219 est,
1826 1173 2068 1228 mentem
2116 1164 2331 1236 legisla-
2387 1171 2438 1229 5‘0

351 1219 483 1274 toris
523 1219 810 1296 dupliciter
854 1230 1005 1301 poss‘e
1036 1231 1230 1285 cels-are
1256 1228 1309 1281 in
1345 1226 1558 1299 speciali
1591 1230 1714 1296 casu‘
1747 1233 1841 1289 sub
1879 1241 2047 1307 verba
2079 1239 2209 1311 legis
2252 1259 2339 1297 ca·

349 1289 545 1359 dente;
589 1316 680 1357 aut
709 1307 857 1360 enim
896 1306 1056 1361 cessat
1088 1309 1159 1362 ita
1198 1316 1255 1359 ut
1285 1302 1439 1357 fimul
1480 1321 1604 1360 cum
1644 1307 1765 1363 casu
1800 1325 2043 1383 pugnet,
2086 1328 2177 1370 aut
2226 1315 2340 1373 fine

343 1370 523 1437 pugna
564 1377 752 1435 cessat:
825 1380 1097 1440 subtiljoer‘
1130 1375 1448 1445 loquendo,
1511 1379 1643 1437 illud
1699 1401 1901 1441 vocant
1952 1391 2154 1446 ceffare
2212 1409 2345 1448 con-

344 1441 539 1511 trarie,
584 1449 690 1507 hoc
720 1462 986 1526 negative.
1063 1451 1263 1520 Prioris
1298 1449 1360 1504 sit
1401 1457 1750 1526 exemplum:
1795 1463 1887 1532 qui
1927 1464 2207 1522 hominem
2249 1485 2344 1523 oc-⁹

343 1515 567 1586 cidem,
604 1527 786 1596 gladio
816 1530 1074 1592 feriatur,
1116 1525 1154 1579 fi
1185 1524 1304 1595 quis
1333 1529 1517 1585 tuendi
1546 1531 1620 1587 sui
1653 1534 1805 1590 causa
1839 1538 2140 1606 occiderit,
2183 1559 2345 1603 mens

344 1589 665 1663 legislatoris
704 1597 832 1656 cum
866 1601 984 1658 casu
1020 1597 1371 1673 accipienda,
1419 1606 1493 1660 est
1523 1610 1749 1665 enimin
1795 1613 1906 1669 boc
1946 1615 2067 1672 casu
2115 1618 2195 1683 ie,
2240 1623 2339 1692 qui

341 1668 576 1739 occidit,
634 1667 958 1739 innocens,'
989 1677 1564 1750 innocentem-autem
1614 1687 1792 1755 puniri
1836 1705 1959 1746 cum
1998 1692 2196 1759 justitia
2235 1712 2337 1767 pu·

341 1745 471 1812 ‘goat
501 1747 551 1801 <Sc
588 1767 712 1807 cum
750 1763 932 1808 mente
974 1753 1313 1825 legislatoris.
1354 1753 1667 1816 Posterioris
1707 1767 2018 1836 exemplum
2063 1769 2201 1825 tale:
2245 1787 2341 1827 an-

341 1829 397 1872 te
432 1836 602 1879 annos
653 1827 843 1899 viginti
886 1828 1128 1899 quinque
1168 1844 1333 1882 nemo
1391 1834 1753 1905 magistratum
1794 1857 1977 1910 gerat3
2026 1856 2217 1914 movet
2258 1841 2336 1923 le'-

344 1895 659 1965 gislatorem
692 1941 706 1965 ,
779 1904 928 1974 quod
982 1906 1202 1971 juvenes
1252 1905 1576 1980 plerumque
1631 1911 1883 1978 destituat
1932 1917 2250 1989 prudentia,
2291 1921 2348 1977 &C

340 1972 626 2029 autoritas:
671 1977 854 2047 itaque
887 1979 1050 2035 ceffat
1081 1980 1193 2035 haec
1225 1981 1367 2035 ratio
1404 1983 1455 2038 in
1486 1986 1690 2051 juvene
1719 2029 1732 2052 ,
1774 1993 1861 2047 cui
1905 2005 2199 2068 utrumque
2240 1997 2335 2052 ad-

338 2044 431 2108 s1t3
478 2049 615 2104 nibil
651 2063 828 2122 tamen
860 2066 1006 2111 vetat
1039 2072 1157 2119 eum
1197 2072 1350 2126 aeque
1382 2060 1633 2125 excludi,
1678 2064 1716 2119 fi
1747 2070 1975 2134 maj0res
2024 2071 2127 2128 fint
2163 2073 2332 2146 eique}

335 2119 540 2176 idonei.
623 2124 743 2182 Imo
773 2146 1082 2205 quanquam
1123 2132 1270 2186 hunc
1306 2149 1419 2189 non
1447 2135 1649 2207 aspexit
1691 2139 2007 2213 legislator,
2048 2163 2233 2220 neque
2274 2167 2329 2205 e-

337 2193 422 2261 jus
478 2198 633 2256 causa
672 2195 848 2273 legem
882 2205 1079 2261 laturus
1112 2206 1309 2276 fuerat,
1353 2219 1528 2281 tamen
1560 2214 1751 2271 maluit
1781 2218 1930 2276 hunc
1971 2224 2333 2295 comprehen-

336 2267 494 2335 dere,
537 2291 696 2344 quam
734 2296 762 2332 a
797 2280 916 2351 lege
949 2283 1065 2337 utili
1098 2281 1395 2341 abstinere:
1442 2304 1626 2360 neque
1660 2308 1813 2350 mens
1860 2296 2182 2369 legislatoris
2222 2299 2331 2357 fuit

336 2353 549 2399 tantum
584 2351 637 2405 in
673 2354 1041 2423 imprudentes
1071 2355 1251 2428 legem
1296 2360 1470 2429 ferre,
1513 2381 1697 2437 neque
1742 2370 1883 2427 banc
1932 2372 2325 2434 restrietionem

330 2419 509 2488 paffus
545 2425 674 2481 effet
704 2429 769 2483 ad
817 2431 991 2502 legem
1031 2431 1290 2499 adscribi,
1333 2438 1459 2507 quia
1507 2444 1836 2511 oportuisset
1878 2450 1931 2503 in
1980 2447 2323 2522 fingulorum

330 2494 671 2560 prudentiam
728 2508 888 2561 anxie
930 2508 1228 2580 inquirere,
1297 2510 1346 2566 ἃ
1396 2515 1468 2569 ita
1505 2515 1594 2572 lex
1635 2518 1818 2577 fuiffet
1856 2524 2081 2581 inutilis.
2137 2525 2327 2584 Poste-

330 2568 473 2625 tiore
536 2575 695 2644 igitur
733 2579 862 2650 legis
904 2583 1076 2654 specie
1133 2586 1394 2658 obligatio
1451 2605 1686 2658 manet;
1749 2599 1935 2666 priore
1976 2614 2157 2657 autem
2197 2602 2322 2671 illa,

325 2644 472 2699 nulla
506 2650 581 2704 est
614 2654 908 2727 obligatio:
930 2661 981 2714 in
1010 2661 1194 2751 priore
1222 2662 1405 2721 locum
1430 2665 1848 2747 habetaequitas
1870 2716 1886 2742 ,
1925 2677 1981 2732 in
2019 2678 2325 2751 posteriore

324 2717 662 2794 dispensatio.
719 2728 722 2738 '
762 2746 768 2752 “
902 2738 907 2745 “
1084 2736 1087 2742 '

401 2790 615 2856 Accidit
638 2807 658 2866 ‚'
695 2814 753 2859 ut
786 2820 943 2864 mens
990 2810 1124 2884 legis
1148 2858 1161 2882 ‚
1207 2830 1295 2874 aut
1328 2819 1465 2891 ratio
1490 2821 1656 2886 ceffet
1706 2823 1917 2884 duobus
1961 2829 2173 2898 modis:
2211 2851 2281 2892 au
2350 2838 2413 2909 63

326 2869 648 2943 specialiter,
692 2883 817 2951 quia
849 2885 905 2938 in
935 2886 1045 2942 hoc
1075 2887 1163 2944 aut
1204 2886 1256 2949 in
1284 2895 1382 2949 illo
1430 2912 1543 2953 non
1591 2900 1892 2971 invenitur,
1939 2905 2089 2977 quod
2130 2912 2308 2979 movit

322 2946 686 3017 legislatorem
719 2961 970 3028 proprie:
1014 2976 1103 3018 aut
1136 2970 1474 3038 promiscue,
1531 2970 1667 3045 quia
1687 2978 1806 3034 talis
1841 2981 1917 3036 est
1957 2982 2087 3055 legis
2129 2986 2313 3055 inten-

322 3025 438 3088 ti0,
476 3042 537 3082 ut
572 3030 620 3083 ei
658 3030 893 3105 satisfieri
935 3040 1125 3109 poffit,
1169 3044 1205 3097 fi
1251 3063 1363 3103 non
1414 3046 1468 3102 in
1526 3053 1814 3118 omnibuS,
1860 3069 1913 3111 at
1948 3059 2000 3112 in
2033 3060 2317 3134 plerisque

321 3101 668 3161 observetur:
715 3109 988 3179 observari
1016 3129 1191 3175 autem
1231 3121 1287 3177 in
1334 3122 1614 3207 plerisque
1659 3130 1751 3199 qui
1797 3134 2008 3202 potuit,
2049 3136 2147 3192 nisi
2190 3141 2319 3213 uni«

319 3177 590 3234 versaliter
622 3184 930 3256 obligaret?
975 3205 1054 3258 ut,
1105 3210 1225 3252 cum
1254 3213 1448 3271 omnes
1483 3205 1740 3268 excubias
1769 3222 1963 3278 agant,
2007 3227 2122 3268 non
2171 3216 2311 3272 mul·

318 3264 430 3307 tum
473 3254 886 3323 refert,'ut'1·'um
944 3268 1097 3338 pauci
1140 3272 1203 3325 ab
1248 3275 1494 3350 excubiis
1542 3274 1881 3350 eximantur:
1920 3284 2088 3354 item,
2141 3305 2311 3349 nemo

315 3332 635 3400 peregrinus
676 3340 1034 3414 magistratum
1095 3348 1334 3420 capiat,'
1364 3351 1502 3407 nihil
1550 3355 1696 3427 enim
1742 3363 1968 3429 nocebit
2008 3379 2175 3421 unum
2215 3380 2309 3427 aut

312 3403 536 3471 alterum
572 3406 834 3470 idoneum
868 3418 1168 3487 admittere.

389 3481 574 3538 Virt-us
630 3485 706 3542 est
734 3483 846 3546 hae'c
884 3495 1217 3570 indulgentia
1240 3544 1252 3568 ‚
1312 3501 1362 3557 δε
1397 3505 1788 3590 beneficentiae
1821 3508 2053 3582 speciem
2085 3517 2290 3587 habet,
2346 3535 2398 3593 70

319 3556 446 3629 quia
483 3559 738 3619 homines
780 3586 946 3627 onere
977 3591 1089 3630 non
1122 3578 1346 3636 omnino
1380 3582 1677 3640 neceffario
1715 3585 1970 3643 sublevat.

323 3634 330 3641 '
384 3631 571 3689 Habet
608 3636 795 3696 locum
841 3646 893 3701 in
944 3648 1150 3722 legibus
1196 3667 1306 3709 tum
1350 3654 1547 3713 divinis
1593 3672 1706 3715 tum
1756 3662 2033 3722 humanis.
2071 3685 2197 3726 narn
2243 3670 2295 3727 δε
2345 3667 2397 3723 8,

311 3706 466 3784 Deus
498 3707 607 3778 ipse
645 3713 695 3768 in
732 3716 852 3791 lege
889 3723 976 3789 sua
998 3728 1258 3799 quosdam
1293 3730 1469 3789 solvit.
1549 3734 1907 3810 Excipiendae
1948 3742 2068 3800 sunt
2110 3745 2296 3820 leges,

311 3799 538 3853 quarum
564 3804 717 3847 mens
750 3793 800 3849 ἃ
834 3802 969 3859 ratio
994 3805 1046 3859 in
1078 3806 1231 3863 nullo
1269 3808 1492 3874 ceffant,
1534 3815 1724 3883 quales
1773 3817 1893 3873 sunt
1931 3831 2141 3876 naturae
2179 3825 2285 3896 pri-

307 3868 393 3950 gma
423 3863 718 3938 principia,
765 3868 816 3949 ἃ
844 3893 970 3950 quae
998 3881 1130 3942 inde
1172 3884 1466 4019 nec{ssario
1510 3888 1721 3962 fluunt,
1767 3906 1827 3954 ut
1866 3892 2116 3973 decalogi
2158 3916 2288 3971 prae-

317 3947 337 3958 ·’
426 3950 433 3973 ²
609 3969 612 3974 ·
713 3969 717 3974 ·
772 3950 776 3958 '
892 3958 914 3975 “·
1332 3978 1478 4037 225
2134 3983 2288 4048 cepta
