3182 5113
265 341 685 479 §.·x111.xiv.'
944 383 1012 456 C
1063 385 1128 455 A
1178 384 1237 457 P
1290 382 1367 459 U
1413 385 1490 458 T
1581 383 1758 461 XIL'
2134 397 2314 474 419¹

259 519 524 596 possessor
554 525 875 583 teneretur,
921 523 984 571 ut
1015 511 1177 586 supra
1222 510 1553 578 didicimus,
1591 509 1689 568 sed
1731 506 1786 566 &
1817 508 2042 573 ratione
2083 518 2144 564 57
2181 507 2282 563 beo

258 599 449 656 neficae
490 592 870 668 acceptionis:
907 588 942 637 k
977 587 1133 663 quod
1168 589 1244 643 ita
1267 605 1464 645 verum
1505 586 1616 654 est,
1642 587 1746 645 nifi
1778 587 2019 644 omnino
2045 581 2098 640 &
2132 579 2286 658 apud

260 676 553 732 dominum
586 669 774 728 fuisset
805 667 1072 742 peritura.
1113 664 1249 722 Hoc
1280 664 1434 719 enim
1466 660 1595 718 casu
1634 661 1774 718 nihil
1816 681 1915 735 per
1953 658 2285 719 commoda-

260 763 378 808 tum
419 762 476 805 58
503 748 738 807 domino
777 743 946 801 abest.
1027 743 1247 800 Contra
1286 735 1656 812 depositarius
1701 750 1904 809 praeter
1947 735 2283 794 fidelitatem

259 828 397 884 nihil
435 825 678 901 recepit:
723 820 854 879 ideo
884 820 924 878 fi
956 819 1127 895 periit
1158 833 1281 886 res,
1319 830 1441 871 non
1480 811 1808 868 tenebitur:
1852 828 1970 867 non
2000 814 2079 868 rei
2112 813 2282 871 ratio·

256 920 361 973 ne,
403 904 683 978 quianon
721 899 939 967 exstat,
975 912 1083 953 nec
1123 891 1468 965 locupletior
1506 885 1617 950 est3
1659 902 1766 941 nec
1813 889 2161 959 acceptionis
2195 906 2282 945 ra„

260 982 453 1048 tione‚
496 980 625 1055 quia
665 971 996 1049 accipiendo
1034 969 1377 1027 beneficium
1409 981 1529 1022 non
1560 962 1821 1035 accepit,
1866 961 1960 1017 sed
1990 961 2163 1021 dedit,
2208 966 2278 1020 In

258 1058 525 1130 pignore,
567 1068 631 1112 ut
669 1052 723 1109 &
761 1052 818 1108 in
855 1052 1084 1118 locam,
1127 1062 1184 1101 59
1216 1042 1402 1099 media
1437 1043 1530 1097 via
1566 1036 1852 1111 sequenda
1898 1038 2018 1101 est,
2074 1053 2138 1095 ut
2179 1040 2280 1111 qui

261 1151 377 1188 rem
415 1132 635 1204 accepit
659 1146 766 1185 nec
798 1127 869 1184 de
905 1124 1028 1182 casu
1058 1121 1260 1194 quovis
1293 1128 1553 1174 teneatur
1587 1126 1650 1168 ut
1683 1112 2164 1171 commodatarius
2185 1157 2199 1179 ,
2219 1114 2276 1168 &

262 1212 526 1276 majorem
559 1219 744 1262 tamen
770 1201 1117 1274 diligentiam
1147 1211 1313 1268 quam
1350 1189 1716 1264 depofitarius
1749 1189 2005 1262 praestare
2047 1189 2271 1245 debeat:

260 1288 389 1358 quia
420 1283 668 1357 pignoris
702 1278 960 1350 acceptio
994 1275 1073 1330 est
1097 1270 1324 1345 quidem
1359 1267 1600 1342 gratuita
1625 1308 1643 1333 ,
1687 1264 1781 1323 sed
1819 1263 2096 1323 accedere
2133 1264 2278 1321 solet

263 1358 573 1418 contractui
608 1352 874 1412 oneroso,

339 1455 390 1492 2.
434 1437 574 1512 Quae
613 1429 803 1486 omnia
824 1421 1100 1483 Romanis
1139 1417 1369 1492 quidem
1398 1428 1718 1491 congruunt
1743 1416 1961 1491 legibus
1985 1414 2111 1483 ,sed
2152 1432 2276 1473 non

263 1530 338 1569 ex
368 1511 472 1577 illis
512 1505 767 1580 primitus
787 1546 801 1570 ‚
842 1498 936 1555 sed
966 1515 1039 1554 ex
1072 1496 1335 1569 aequitate
1364 1494 1600 1551 naturali
1644 1494 1903 1550 veniunt.
1967 1496 2158 1572 Quare
2187 1510 2277 1549 ea·

212 1602 217 1610 ··
265 1586 394 1641 dem
425 1582 572 1655 apud
602 1580 732 1636 alias
768 1591 1001 1650 quoque
1034 1584 1231 1647 gentes
1254 1570 1499 1642 reperire
1538 1572 1628 1628 est.
1670 1572 1828 1626 Inter
1858 1581 2094 1626 caeteros
2125 1568 2279 1642 apud

262 1662 568 1718 Hebraeum
592 1654 817 1715 Mosem
841 1648 1251 1709 MaImonidem
1288 1648 1434 1703 libro
1474 1663 1593 1703 111.
1614 1646 1857 1704 ductoris
1893 1645 2277 1703 dubitantium

263 1736 283 1783 l
329 1755 449 1809 cap.
487 1748 578 1805 43.
622 1728 904 1805 Spectavit
933 1728 1047 1783 huc
1086 1726 1301 1783 Seneca
1335 1738 1369 1770 a
1404 1740 1530 1779 cum
1573 1723 1715 1780 dixit
1743 1763 1757 1788 ,
1826 1731 1886 1769 60
1936 1723 2065 1777 alios
2095 1720 2268 1799 fidem
2318 1749 2350 1781 a
2377 1744 2472 1784 vn.
2509 1736 2564 1787 de

265 1815 472 1882 debere,
512 1811 642 1864 alios
677 1808 918 1862 tutelam.
997 1800 1092 1859 Ad
1126 1802 1272 1858 hanc
1317 1816 1457 1857 vero
1490 1800 1720 1856 formam
1760 1797 1831 1853 de
1863 1798 2077 1854 caeteris
2121 1795 2528 1871 quo-Beneficiis.
2562 1849 2566 1855 .

264 1907 376 1963 que
414 1886 791 1945 contractibus
814 1879 1086 1950 judicium
1123 1876 1201 1934 est
1229 1874 1567 1933 faciendum.
1647 1873 1758 1934 Sed
1788 1874 2037 1948 generali
2068 1874 2358 1930 traua-19.

264 1968 424 2022 tione
462 1975 733 2036 quantum
764 1956 1017 2013 instituto
1055 1953 1244 2010 nostro
1271 1951 1465 2008 sufficit
1491 1949 2066 2024 absoluta,speciales
2104 1965 2265 2022 quas-

260 2041 386 2097 dam
422 2039 808 2096 contractuum
840 2030 1174 2104 quaestiones
1214 2045 1615 2102 percurramus,

331 2117 488 2172 XIV.
542 2130 589 2169 1.
633 2121 686 2159 61
720 2107 984 2166 Mensura
1022 2108 1138 2175 ejus
1169 2103 1282 2178 (ee)
1302 2102 1459 2176 quod
1495 2121 1577 2160 res
1609 2119 1847 2177 quaeque
1869 2100 2057 2159 valeat
2089 2101 2262 2158 maxi-

250 2207 341 2246 me
363 2188 624 2247 naturalis
648 2185 727 2243 est
756 2183 1095 2257 indigentia,
1118 2191 1183 2236 ut
1206 2181 1533 2237 Aristoteles
1577 2178 1600 2226 b
1632 2183 1779 2237 recte
1811 2178 2071 2236 ostendit:
2101 2175 2257 2247 quod
2302 2167 2482 2245 &Mon

251 2267 311 2320 in
343 2262 849 2338 permutationibus
887 2275 1074 2315 rerum
1107 2255 1255 2328 apud
1291 2258 1547 2312 barbaros
1583 2255 1829 2328 populos
1861 2254 2103 2310 maxime
2139 2233 2446 2327 Γρᾶ-ΜΗ·
2469 2241 2519 2288 ⁸·

258 2343 449 2397 filatur.
528 2340 665 2396 Non
699 2348 887 2391 tamen
923 2336 1044 2390 haec
1077 2332 1244 2388 unica
1287 2332 1364 2389 est
1407 2329 1667 2388 mensura.
1746 2331 1894 2387 Nam
1951 2328 2249 2386 hominum

263 2416 558 2484 voluntas,
597 2428 721 2485 quae
760 2426 947 2467 rerum
985 2407 1214 2465 domina
1245 2408 1585 2479 est‚'multas
1629 2424 1718 2464 res
1756 2405 1932 2478 magis
1979 2403 2258 2462 desiderat

2090 2496 2260 2554 quam

557 2694 604 2740 G
637 2699 675 2738 R
708 2698 744 2736 o
776 2699 814 2736 ’r
850 2701 870 2736 1
912 2702 956 2737 1.
1283 2701 1379 2761 que
1402 2685 1607 2738 versatur
1633 2685 1843 2735 utilitas.
1879 2685 1914 2734 1.
1943 2699 2023 2741 23·
2067 2681 2119 2733 de
2159 2690 2257 2749 ντες

210 2845 213 2846 ⁷
327 2821 363 2869 k
392 2815 524 2881 Quod
549 2818 619 2863 ita
642 2832 796 2863 verum
821 2814 907 2876 est,
953 2812 1040 2870 nisi
1060 2815 1233 2859 omnino
1267 2768 1399 2862 jardo
1430 2814 1556 2863 Alios
1570 2810 1745 2875 fidem]
1782 2810 1924 2860 Alios
1951 2806 2254 2863 satisfacere,

263 2885 323 2935 Eo·
358 2881 482 2946 apud
515 2878 730 2927 dominum
761 2878 912 2940 suiffit
958 2879 1233 2949 per-iturum]
1278 2875 1311 2925 fi
1341 2877 1486 2925 fidem
1528 2874 1787 2924 adhibeant
1821 2876 1872 2922 in
1907 2887 1958 2920 xe
1994 2871 2253 2927 servanda,

262 2951 360 3003 Lex
390 2943 749 3009 Wfigotthorum
775 2941 867 2990 lib.
897 2955 930 2992 V
948 2976 965 3004 ,
998 2953 1079 2989 tit.
1099 2951 1150 2987 v.
1187 2955 1229 2987 c.
1278 2953 1437 3006 neque
1467 2955 1575 2987 eam
1603 2936 1690 3002 ipfi
1714 2934 2162 3000 corrumpant‚etfi
2188 2931 2252 2982 ab

269 3025 311 3060 1.
344 3027 390 3058 2.
418 3026 465 3064 3·
1279 3004 1368 3051 alia
1397 3003 1637 3051 accidente
1668 2997 1804 3049 causa
1828 2999 2248 3060 interierit,alios

327 3076 344 3122 1
380 3074 538 3138 Capite
561 3072 648 3131 43]
668 3069 917 3118 Convenit
949 3081 1063 3115 cum
1080 3064 1233 3115 Exodi
1280 3068 1484 3114 omnino
1515 3066 1689 3114 salvam
1723 3061 1936 3127 ptaestate
1958 3076 2064 3110 rem
2095 3075 2248 3126 opor-

268 3135 383 3183 loco
424 3149 527 3197 cap.
580 3146 732 3192 xxll,
760 3148 805 3190 7.
845 3147 919 3177 10.
950 3146 1021 3178 11.
1050 3146 1125 3178 12.
1158 3146 1230 3183 13.
1281 3142 1399 3177 tete.

265 3197 408 3246 Moks
440 3195 491 3243 de
515 3195 653 3242 Kotzi
678 3196 922 3259 praeceptis
956 3191 1232 3255 jubentibus
1342 3202 1396 3240 61
1435 3191 1647 3251 Menficra
1683 3188 1813 3251 ejus]
1878 3186 2119 3236 Indicatio
2162 3184 2245 3235 vel

266 3270 536 3310 LXXXVI-11.
566 3259 614 3305 ὃ(
638 3270 874 3307 Lxxxxx.
1280 3255 1528 3304 aestimatio
1555 3257 1787 3317 cuiusque
1803 3252 1871 3298 tei
1889 3250 1986 3299 haze
2011 3248 2127 3310 justa
2154 3246 2250 3309 est,

1279 3333 1425 3381 quam
1461 3318 1578 3366 facit
1631 3319 1799 3364 caritas
1833 3314 1936 3375 ejus
1977 3313 2056 3362 vel
2098 3311 2244 3375 copia

481 3386 527 3432 G
559 3393 599 3431 R
631 3394 667 3431 0
699 3395 739 3430 N
771 3393 807 3431 ο
844 3394 877 3431 v
913 3396 934 3429 1
973 3397 1016 3430 1.
1279 3382 1324 3428 &
1349 3378 1505 3429 nostra
1531 3377 1790 3428 neceffitas.

330 3512 394 3571 57'
415 3508 616 3568 Benefica
651 3510 941 3573 acceptionis]
1005 3508 1139 3569 Qia
1172 3508 1225 3555 in
1333 3504 1446 3569 (ee)
1477 3505 1599 3555 vide
1632 3506 1693 3554 de
1717 3504 1777 3552 iis
1821 3501 2058 3553 omnibus
2086 3533 2104 3560 ‚
2131 3513 2248 3564 quae

263 3576 393 3627 illius
419 3574 616 3638 gratiam
644 3569 751 3619 usus
773 3571 841 3617 tei
868 3571 1114 3618 conceflus
1142 3571 1222 3619 est.
1274 3569 1329 3616 ad
1369 3570 1502 3633 pretii
1541 3581 1762 3617 naturam
1805 3568 1855 3613 ὃ(
1897 3567 2025 3614 vatia
2068 3575 2250 3624 genera

327 3652 382 3696 58
418 3638 605 3685 Domino
629 3634 757 3694 abest]
788 3632 933 3681 Abest
959 3636 1092 3681 enim
1121 3646 1220 3680 tan·
1273 3635 1512 3695 pertinent
1556 3667 1575 3692 ‚
1655 3634 1688 3678 P
1707 3642 1741 3679 u
1758 3642 1786 3676 F
1802 3639 1890 3678 EN
1906 3639 1991 3676 Do
2012 3637 2124 3676 11³1
2140 3635 2173 3671 u
2191 3637 2243 3674 Μ

262 3715 386 3759 tum,
404 3700 539 3767 quod
560 3700 707 3747 etiam
731 3694 1008 3746 abfuturum
1037 3693 1219 3760 fuisset,
1270 3698 1342 3743 De
1377 3693 1496 3753 Jure
1524 3698 1642 3744 Nat.
1660 3690 1717 3752 ΕΤ·
1747 3694 1883 3742 Gent.
1911 3691 2021 3739 Lib.
2039 3702 2090 3737 v.
2113 3691 2240 3746 Cap.

260 3766 297 3814 fi
338 3780 482 3828 penes
513 3764 772 3811 dominum
814 3758 1048 3809 manfisset
1075 3796 1091 3822 ‚
1133 3772 1219 3808 nec
1272 3775 1309 3806 1.
1345 3773 1458 3805 cum
1485 3760 1636 3809 Notis
1660 3754 1871 3817 nosttiS,
1903 3753 2102 3804 alterius
2125 3749 2241 3801 Edi-

262 3828 423 3880 fuiss'et
450 3825 782 3875 commodata.
1264 3822 1430 3871 tionis.
1463 3819 1522 3882 J.
1548 3821 1612 3875 B.

330 3909 350 3950 ς
357 3910 386 3951 9
418 3889 583 3944 Media
593 3894 695 3948 via]
728 3888 858 3954 Qia
877 3886 928 3937 in
952 3885 1027 3938 his
1045 3887 1214 3937 uuius-
1523 3940 1527 3944 ,

1390 3950 1437 3995 D
1450 3945 1484 3998 d
1517 3963 1551 3999 2
2076 3943 2122 3992 G
2138 3950 2175 3988 R
2187 3951 2245 3988 ο·
