3182 5113
565 383 1922 519 μῼΡΒΟΙᾼΕῼΟΜΕΝΑ.
2114 430 2337 513 xmss

404 599 494 655 57.
534 583 872 657 Temperavi
913 598 1002 637 me
1040 581 1108 635 ab
1143 579 1263 646 his,
1306 593 1427 648 quae
1462 574 1685 630 alterius
1710 574 1836 631 sunt
1872 573 2335 645 trastationis,ut

328 676 450 731 quaa
475 654 696 729 edocent
721 659 856 733 quid
884 674 942 714 54
977 674 1059 721 ex¹
1080 654 1177 711 usu
1209 654 1271 710 srt
1306 654 1489 709 facere
1509 659 1527 707 ε·
1567 653 1695 723 quia
1721 653 1814 706 ista
1839 649 1992 705 suam
2016 652 2231 707 habent
2254 669 2336 716 ar-

323 749 435 791 tem
463 736 749 810 specialem
788 728 1107 808 politicam,
1151 736 1314 804 quam
1347 730 1492 809 reste
1517 728 1591 782 ita
1631 725 1796 783 solam
1825 718 2022 807 t'raQtat
2055 721 2337 799 Aristote-

318 812 399 867 les
424 855 436 877 ‚
479 822 540 868 ut
575 812 740 867 alieni
764 810 902 867 nihil
929 808 1254 870 admisceat,
1277 816 1474 863 contra
1507 820 1669 876 quam
1705 803 1838 859 fecit
1869 802 2125 860 Bodinus
2146 848 2161 873 ,
2186 805 2337 878 apud

323 904 490 958 quem
521 891 641 945 haec
669 906 752 943 ars
784 904 908 944 cum
931 886 1062 955 juris
1086 884 1257 940 nostri
1287 894 1406 938 arte
1444 878 1829 937 confunditur.
1910 881 2222 936 Nonnullis
2256 895 2337 937 ta-

319 980 446 1018 men
479 965 617 1020 locis
656 964 769 1031 ejus
808 963 960 1035 quod
988 962 1126 1017 utile
1152 960 1229 1016 est
1254 959 1369 1029 ¹feci
1400 959 1744 1012 mentionem
1766 999 1781 1024 ‚
1828 953 1921 1009 sed
1951 958 2139 1013 obiter
2154 957 2248 1027 5&
2271 968 2339 1014 ut

316 1038 372 1094 id
411 1038 581 1110 ipsum
619 1058 646 1094 a
672 1034 795 1107 justi
824 1035 1127 1111 quaestion'e
1165 1036 1409 1107 apertius
1444 1033 1857 1105 distinguerem.

353 1124 359 1129 ·
391 1122 477 1182 58.
524 1114 780 1183 injuriam
812 1115 950 1169 m'ihi
977 1111 1236 1179 faciet‚fi
1266 1110 1386 1183 quis
1412 1121 1498 1165 me
1522 1109 1589 1165 ad
1626 1109 1762 1164 ullas
1795 1107 1967 1164 nostri
1994 1107 2166 1165 seculi
2201 1112 2337 1167 con-

316 1192 606 1246 troversias
628 1234 642 1256 ,
686 1201 780 1243 aut
810 1200 965 1242 natas
986 1230 1001 1255 ,
1048 1198 1143 1242 aut
1175 1204 1296 1259 quae
1327 1187 1605 1244 nasciturae
1639 1184 1935 1259 praevideri
1967 1185 2225 1257 possunt,
2246 1204 2329 1241 re-

314 1264 545 1337 spexiffe
591 1265 906 1334 arbitratur.
986 1262 1136 1318 Vere
1179 1265 1325 1318 enim
1382 1264 1655 1336 profiteor
1689 1306 1705 1332 ‚
1761 1261 1903 1318 ficut
1938 1263 2328 1318 mathematici

314 1354 367 1404 55
406 1337 606 1410 figuras
642 1340 670 1394 a
697 1335 1030 1411 corporibus
1065 1337 1301 1395 semotas
1335 1338 1717 1407 considerant,
1767 1338 1958 1394 ita'r'ne
1996 1338 2198 1408 injure
2221 1351 2330 1402 tra-

311 1414 514 1480 {tando
550 1418 616 1471 ab
645 1416 799 1471 omni
834 1414 1086 1487 fingulari
1120 1415 1267 1483 fado
1305 1416 1587 1472 abduxisse
1621 1417 1887 1470 animum.

384 1508 468 1560 59.
496 1490 738 1546 Dicendi
764 1508 939 1562 genus
973 1492 1127 1563 quod
1162 1494 1380 1560 attinet,
1409 1492 1563 1546 nolui
1598 1492 1665 1547 ad
1691 1509 1877 1548 rerum
1910 1492 2321 1553 trattandarum
2337 1490 2617 1561 Dicendiges

302 1566 723 1622 multitudinem
754 1566 1108 1640 adjungendo
1136 1571 1440 1624 verborum
1466 1570 1687 1640 copiam
1719 1568 1997 1624 fastidium
2026 1588 2223 1642 parere
2253 1571 2422 1626 le-⁷¹¹‘s
2447 1567 2587 1610 ‘⁰⁷³⁰‘-

302 1643 441 1698 &ori
467 1684 479 1704 ‚
525 1645 676 1709 cujus
717 1644 1046 1700 utilitatibus
1076 1644 1453 1700 consulebam.
1509 1644 1703 1717 ltaque
1735 1644 1959 1702 secutus
1997 1645 2116 1701 sum
2156 1620 2452 1719 quan-sm·

302 1730 417 1774 tum
449 1720 609 1791 potui
651 1718 934 1775 concisum
966 1718 1016 1773 ἃ
1059 1720 1288 1775 docenti
1318 1723 1663 1777 conveniens
1697 1721 1974 1794 loquendi
2011 1740 2219 1795 genus:
2267 1737 2330 1780 ut

298 1805 564 1866 tanquam
590 1795 644 1850 in
678 1811 791 1850 uno
819 1794 1117 1867 conspestu
1146 1798 1406 1862 habeant,
1429 1799 1524 1867 qui
1548 1800 1781 1870 negotia
1805 1800 2033 1871 publica
2062 1802 2317 1868 trac‘tant,

301 1868 351 1925 ἃ
381 1878 500 1942 q'uae
537 1870 782 1925 incidere
814 1870 995 1926 solent
1028 1872 1531 1945 controversiarum
1564 1891 1771 1944 genera
1791 1882 1809 1942 ζ
1833 1874 1884 1929 δε
1915 1876 2188 1947 principia
2218 1893 2323 1932 un·

303 1944 373 1999 de
410 1945 693 2014 dijudicari
718 1946 966 2017 possunt:
985 1948 1186 2018 quibus
1210 1947 1450 2018 cognitis
1478 1948 1638 2002 facile
1664 1951 1767 2004 erit
1788 1951 1854 2005 ad
1888 1968 2006 2006 rem
2026 1949 2325 2020 subje6tam

299 2018 728 2077 accommodare
767 2024 1080 2077 orationem
1113 2022 1162 2076 δε
1198 2035 1470 2094 quantum
1509 2024 1669 2079 lubet
1699 2026 2031 2081 extendere.

370 2102 460 2154 60.
505 2098 852 2168 Scriptorum
882 2111 1131 2152 veterum
1167 2099 1280 2169 ipsa
1315 2101 1486 2153 verba
1513 2099 1727 2155 adduxi
1756 2100 2073 2168 interdum,
2115 2104 2213 2159 ubi
2249 2102 2604 2172 ta-Scriptorwu

297 2170 367 2225 lia
409 2184 591 2230 erant,
638 2184 698 2226 ut
724 2184 820 2227 aut
847 2189 971 2227 cum
1007 2174 1370 2240 atiffitoritate‚
1431 2187 1528 2228 aut
1561 2192 1690 2228 cum
1731 2177 2023 2233 venustate
2060 2172 2609 2251 fingula-rivesbaipsss·

295 2246 438 2302 dicta
465 2246 820 2300 viderentur:
866 2246 1106 2317 quod&
1137 2249 1190 2301 in
1219 2251 1403 2319 graecis
1435 2248 1546 2304 feci
1582 2264 1993 2320 nonnunquam
2014 2294 2029 2320 ,
2074 2253 2169 2310 sed
2205 2273 2318 2312 ma-

293 2322 443 2376 xime
472 2322 561 2374 ubi
585 2332 679 2376 aut
701 2322 886 2376 brevis
918 2335 1033 2376 erat
1061 2324 1332 2379 sententia
1353 2368 1367 2389 ,
1390 2337 1483 2378 aut
1508 2325 1661 2390 cujus
1694 2327 1925 2395 gratiam
1947 2326 2164 2398 sperare
2197 2349 2338 2390 non-v

262 2396 264 2398 ’
296 2396 567 2451 audebam
603 2396 776 2451 latino
814 2397 1064 2452 sermone
1093 2415 1183 2452 me
1219 2401 1376 2470 posse
1407 2399 1643 2470 assequi:
1689 2415 1863 2471 quem
1887 2414 2073 2458 tamen
2096 2408 2311 2480 ubique

293 2466 518 2546 adjunxi
554 2473 608 2526 in
644 2486 839 2527 eorum
873 2472 1232 2528 commodum
1268 2477 1363 2546 qui
1406 2493 1582 2547 graeca
1623 2492 1738 2530 non
1775 2475 2115 2533 didicerunt.

365 2553 457 2606 61.
493 2550 673 2624 Quam
722 2551 859 2604 vero
902 2566 1009 2621 ego
1052 2550 1108 2604 in
1153 2550 1382 2606 aliorum
1428 2550 1716 2607 sententiis
1753 2569 1817 2607 ac
1862 2549 2073 2627 scriptis
2116 2552 2528 2626 ἀΞῘΠάῙ-ζὶὄενταε

293 2625 481 2681 candis
509 2625 642 2681 mibi
670 2624 823 2679 sums1
850 2624 1162 2683 libertatem
1183 2670 1195 2689 ,
1230 2627 1462 2683 eandem
1491 2627 1589 2681 sibi
1615 2629 1671 2683 in
1696 2646 1787 2682 me
1820 2628 2068 2693 sumant,
2114 2621 2490 2696 omnessudifii
2540 2629 2607 2677 le·

294 2719 394 2757 eos
436 2718 538 2756 oro
563 2712 728 2773 atque
765 2702 1051 2770 obtestor,
1101 2719 1339 2775 quorum
1381 2704 1435 2757 in
1478 2720 1673 2758 manus
1707 2705 1803 2761 ista
1838 2709 2087 2763 venient.
2168 2680 2570 2791 Nongssn'eli'

297 2779 375 2833 illi
408 2779 680 2849 promtius
714 2794 803 2831 me
832 2780 1153 2834 monebunt
1188 2791 1466 2834 errantem
1488 2823 1501 2842 ,
1545 2795 1715 2851 quam
1755 2800 1865 2855 ego
1902 2797 2204 2842 monentes
2230 2788 2309 2844 se-
2399 2778 2416 2796 ⁸

301 2857 458 2926 quar.
543 2855 613 2909 Et
661 2855 765 2920 jam
816 2871 965 2908 nunc
1000 2854 1174 2917 adeo,
1236 2856 1273 2910 fi
1307 2854 1440 2927 quid
1474 2856 1564 2911 bic
1595 2857 1828 2926 pietati,
1892 2860 1930 2916 fi
1963 2862 2106 2933 quid
2140 2867 2309 2921 bonis

297 2931 548 2984 moribus
572 2974 585 2997 ,
629 2930 663 2985 fi
702 2930 836 3000 quid
870 2930 1025 2985 sacris
1061 2931 1231 2986 literis
1256 2977 1268 2995 ,
1316 2933 1353 2987 si
1385 2931 1520 3004 quid
1551 2932 1792 2989 ecclefiae
1822 2934 2144 2994 Christianae
2177 2959 2311 2995 con-

300 3005 513 3137 senstdi‘
572 3006 607 3060 fi
651 3005 785 3077 quid
821 3007 916 3063 ulli
962 3009 1184 3064 veritati
1237 3007 1643 3065 dissentaneum
1675 3025 1705 3063 a
1737 3028 1828 3067 me
1864 3011 2068 3071 distum
2098 3017 2204 3081 est,
2249 3015 2307 3072 id

296 3097 400 3138 nec
473 3083 638 3139 ictum
674 3082 810 3137 esto,
1758 3107 1761 3110 ·

532 3257 575 3298 G
611 3268 647 3301 R
684 3267 718 3301 o
752 3268 792 3302 N
827 3268 860 3303 o
904 3271 991 3323 v]
1025 3270 1061 3307 1.
1334 3264 1386 3307 In
1426 3260 1531 3308 idea
1572 3262 1616 3307 δε
1653 3259 1758 3307 solo
1799 3273 2045 3322 conceptu
2087 3264 2303 3329 mentis,

1329 3338 1428 3371 non
1455 3340 1508 3371 ut
1535 3327 1792 3389 pinguntur
1821 3326 1874 3375 in
1903 3323 2054 3386 abaco
2071 3328 2151 3379 vel·
2173 3329 2308 3377 chaz-

364 3393 422 3433 54
455 3381 532 3424 Ex
562 3380 635 3433 ufir
656 3380 749 3438 fix]
782 3383 999 3429 politica.
1328 3400 1392 3440 ta.
1429 3389 1546 3439 infr.
1579 3406 1640 3450 2,
1675 3404 1749 3442 ιε.
1782 3402 1827 3440 1.
2300 3391 2306 3396 ‘

357 3447 413 3494 55‘
449 3441 641 3506 Figuras
686 3459 717 3489 a
765 3446 1007 3509 corporibus
1046 3449 1274 3509 semotas]
1498 3480 1508 3486 -

1306 4040 1530 4111 *Ma
2086 4052 2321 4112 LOCI
