3182 5113
863 470 1004 564 373
1579 459 1654 532 L
1699 460 1732 533 1
1781 462 1842 532 e
1891 461 1956 534 E
2004 439 2087 536 R
2186 465 2277 540 11.
2680 488 2864 561 §.XII

616 637 650 667 a
680 619 730 666 f„
753 596 1045 666 gwtabat,
1086 592 1239 651 unde
1270 608 1329 651 72
1362 593 1710 667 Byzantinos
1730 597 1980 675 Quirites
2012 608 2187 657 vocat
2223 615 2257 648 a
2294 599 2667 676 Claudianus,
2703 621 2857 665 731‘3-

577 696 687 748 emp.
716 682 966 731 L.11.tam
1004 672 1252 745 populus
1285 682 1444 727 totus
1475 671 1675 729 habuit
1709 691 1721 729 :
1759 674 2006 747 jurisque
2044 676 2123 750 sui
2153 694 2587 739 monumentum
2621 699 2736 741 non
2779 694 2856 741 teo

580 743 691 810 ve1s0
733 758 959 804 135·-nue
992 748 1232 805 servavit
1274 763 1308 796 u
1342 749 1400 803 in
1429 747 1580 804 urbis
1617 747 1721 806 suae
1752 754 2168 826 praerogativaz,
2211 769 2242 802 x
2276 754 2329 811 &
2369 758 2426 813 in
2468 760 2690 817 honore
2724 778 2857 817 con·

845 823 1052 912 sulatus
1086 826 1320 900 aliisque
1359 826 1542 912 rebusz
1625 828 1815 907 Quare
1845 843 1904 886 74
1937 835 2021 900 jus
2061 847 2250 908 omne,
2275 834 2434 905 quod
2467 836 2544 907 hi,
2588 838 2857 912 quiCon-

847 902 1216 977 stantmopoli
1268 903 1599 968 habitabant
1631 946 1646 973 ‚
1702 904 1772 961 ad
1825 906 2150 982 eligendum
2200 910 2608 985 Imperatorem
2646 916 2854 972 Roma-

841 1144 1158 1206 Imperatoris
1198 1147 1419 1195 Romam
1474 1140 1665 1192 missam
1709 1141 1825 1197 ado-

843 1219 998 1259 raret,
1048 1207 1095 1252 δε
1134 1203 1298 1253 faustis
1342 1205 1781 1255 acclamationibus
1805 1241 1821 1269 ‚

845 1267 895 1316 id
952 1266 1019 1313 est
1075 1266 1365 1315 adulatione
1439 1269 1828 1335 prosequeretur.

844 1328 1157 1380 Plebiscitum
1185 1332 1388 1394 quidem
1405 1332 1645 1397 nusquam
1667 1334 1826 1382 ullum

841 1392 1023 1441 saecum
1068 1395 1385 1457 accepimus:
1453 1397 1539 1444 ubi
1585 1398 1824 1460 legeretur

838 1455 963 1504 illud
991 1455 1194 1504 solenne
1219 1472 1444 1506 carmen:
1497 1461 1658 1517 Consul
1691 1474 1827 1522 popu-

839 1522 933 1568 lum
944 1519 1054 1576 jure
1085 1524 1263 1580 rogavit
1281 1556 1297 1579 ,
1312 1522 1572 1585 populusque
1591 1521 1702 1578 jure
1717 1522 1823 1580 jusl

823 1582 921 1645 fit,
956 1599 1077 1645 quem
1092 1583 1281 1638 senatus
1311 1586 1577 1649 populusque
1612 1584 1822 1643 Constan-

837 1647 1154 1709 tinopolitanus
1189 1645 1508 1710 Imperatorem
1547 1651 1749 1709 creavit,
1787 1653 1824 1695 is

842 1723 889 1758 ut
916 1709 1022 1768 jure
1064 1711 1219 1771 optimo
1261 1715 1505 1772 Imperator
1542 1711 1655 1770 effer.
1717 1717 1825 1758 Hoc

841 1775 979 1823 enim
1006 1770 1072 1819 est
1098 1784 1259 1819 ratum
1292 1770 1482 1818 habere.
1549 1779 1626 1820 An
1665 1786 1824 1820 ratum

841 1835 1022 1898 habet,
1057 1836 1144 1897 qui
1184 1848 1247 1881 ne
1291 1832 1539 1898 respicitur
1588 1835 1824 1900 quidem,

838 1900 1024 1948 nedum
1050 1909 1278 1962 rogatur,
1324 1896 1402 1945 sed
1438 1910 1606 1946 mutus
1650 1897 1823 1966 filens,

836 1975 921 2011 aut
958 1960 1048 2010 nifi
1078 1976 1194 2009 cum
1224 1963 1398 2010 vernili
1436 1962 1721 2010 adulatione
1748 1963 1822 2010 lo-

836 2041 993 2092 quens
1024 2025 1241 2092 patitur,
1275 2028 1582 2091 accipitque,
1618 2028 1823 2090 quicun-

835 2105 936 2155 que
962 2088 1258 2152 imponitur.
1321 2092 1435 2137 Imo
1466 2087 1565 2153 ipsa
1582 2094 1745 2144 Roma
1773 2090 1822 2136 ὃς

836 2150 1327 2214 Constantinopolis,
1377 2154 1425 2200 &
1454 2165 1623 2200 totum
1663 2154 1822 2215 impe·

834 2218 996 2271 rium,
1045 2214 1240 2282 donum
1272 2248 1287 2275 ‚
1333 2215 1629 2264 beneficium
1655 2251 1671 2276 ‚
1719 2218 1821 2282 pila

835 2280 1022 2338 ludicra
1053 2290 1156 2326 erat
1185 2276 1375 2326 militis.
1440 2276 1726 2332 Inconsulto
1773 2280 1822 2326 &

834 2341 949 2392 satis
982 2343 1144 2390 invito
1174 2356 1242 2405 po
1282 2343 1365 2389 ulo
1395 2348 1631 2401 Romano
1659 2340 1822 2395 sedem

837 2408 1088 2458 transtulit
1117 2409 1230 2453 Con
1273 2406 1501 2467 antinus,
1536 2404 1822 2465 &umbram

834 2471 1042 2517 honoris
1064 2502 1081 2535 ,
1119 2483 1225 2533 quae
1247 2466 1450 2515 restabat
1471 2476 1641 2518 Roma:
1707 2485 1823 2517 cum

836 2548 892 2590 ea
921 2529 1096 2579 divifit.
1160 2535 1240 2596 Jus
1273 2544 1442 2580 tamen
1470 2532 1630 2595 eligen
1668 2535 1682 2578 i
1726 2538 1821 2580 Irn-

839 2597 1076 2659 peratoris
1122 2609 1212 2651 nec
1237 2593 1472 2643 habuerat
1498 2599 1691 2659 Roma,
1737 2609 1824 2642 nec

778 2694 802 2722 Θ
843 2656 1098 2722 acquisivit
1127 2657 1604 2722 Constantinopolis.
1653 2664 1829 2722 Itaque

843 2735 936 2768 nec
960 2722 1231 2776 Romanis,
1282 2736 1370 2768 nec
1417 2720 1830 2785 Constantinopo-

844 2784 1009 2831 litanis
1032 2786 1217 2847 rogatis
1235 2819 1252 2851 5
1270 2783 1578 2832 Constantini
1607 2784 1723 2845 filii,
1746 2785 1827 2831 ubi

846 2859 1010 2900 erant,
1045 2844 1316 2895 sumserunt
1349 2848 1646 2911 imperium:
1696 2848 1830 2895 dein-

843 2912 905 2956 de
933 2911 1148 2973 Julianus
1190 2912 1238 2957 in
1283 2911 1474 2965 Gallia,
1517 2914 1745 2976 jovianus
1780 2913 1830 2957 in

848 2972 1061 3032 Perside,
1094 2973 1462 3023 Valentinianus
1489 2990 1541 3022 m
1569 2975 1833 3039 Cilicia‚&

852 3035 916 3085 fic
950 3038 1125 3085 caeteri.

1146 3167 1190 3210 G
1224 3174 1262 3215 R
1294 3173 1329 3210 o
1363 3174 1399 3211 ’r
1432 3175 1453 3210 1
1485 3175 1524 3210 1.

909 3304 942 3338 u
975 3289 1027 3336 In
1066 3287 1181 3336 urbis
1208 3289 1301 3344 [αι
1342 3286 1673 3348 prerogativa]
1744 3284 1828 3330 Ait

846 3356 1061 3409 Zonaras
1092 3349 1116 3409 <
1123 3353 1172 3397 in
1209 3351 1310 3396 Vit.
1331 3348 1634 3409 Constantini)
1651 3345 1823 3395 Romae

849 3418 1028 3464 servata
1083 3411 1327 3473 φοεσβεῖοι
1360 3447 1374 3468 ,
1437 3414 1773 3476 praelationem
1810 3444 1825 3469 ,

852 3478 992 3545 quod
1023 3478 1136 3525 inde
1164 3475 1366 3526 veniffet
1393 3478 1676 3539 imperium.
1697 3472 1826 3535 (Lib.

851 3555 973 3593 XIII.
1013 3546 1132 3605 Cap.
1154 3545 1235 3602 3.)
1268 3543 1538 3589 Ammianus
1587 3538 1671 3585 lib.
1714 3549 1827 3585 XIV.

848 3605 919 3668 (c,
940 3604 1012 3665 6.)
1047 3605 1108 3653 de
1144 3610 1307 3652 Roma
1338 3620 1349 3651 :
1398 3603 1489 3650 Fer
1515 3618 1651 3650 omnes
1686 3615 1830 3647 tamen

857 3682 1053 3733 quotquot
1070 3671 1174 3725 sunt
1201 3681 1348 3732 partes
1373 3680 1421 3712 ut
1450 3667 1629 3714 domina
1666 3668 1827 3729 conspi—

861 3734 973 3776 citur
1001 3730 1058 3781 Co*
1087 3736 1257 3794 regina.
1292 3731 1587 3778 Claudianus
1605 3729 1829 3775 Honorio

860 3804 1034 3900 agesnte
1047 3800 1287 3841 Ravennae
1304 3793 1401 3858 (De
1420 3808 1479 3845 vr
1492 3829 1502 3841 .
1521 3793 1643 3850 Confi
1660 3793 1827 3841 Honor.

856 3864 938 3901 ver
962 3888 974 3900 .
991 3858 1124 3917 407.)
1148 3872 1161 3902 ;

915 3949 1094 4019 Quemn,
1126 3961 1302 4010 precor,
1334 3951 1547 4011 adfinem
1572 3930 1819 4017 laribusft-

1043 4011 1216 4087 Junfla
1243 4014 1428 4077 potestas

2724 1006 2857 1049 num

1942 1144 2144 1204 Exstzlat
2159 1175 2173 1199 ,
2210 1146 2516 1253 ignperiumque
2526 1150 2626 1208 sicis
2642 1166 2675 1198 a
2689 1148 2861 1210 finibus

2082 1220 2205 1255 errat

1943 1320 1973 1352 x
2007 1308 2071 1354 Et
2114 1309 2163 1350 in
2203 1303 2358 1357 honore
2398 1313 2680 1372 consulatus]
2726 1316 2856 1364 Nam

1879 1369 1999 1416 alter
2025 1368 2281 1425 consulum
2306 1387 2364 1420 ex
2391 1373 2508 1422 urbe
2539 1374 2857 1434 Romana,&

1876 1433 1917 1478 is
1948 1431 2150 1495 quidem
2176 1434 2393 1496 priorem
2422 1437 2629 1487 habebat
2673 1441 2856 1486 locum-

1877 1495 2113 1559 Procopius
2142 1496 2193 1542 in
2218 1512 2381 1546 arcana
2396 1500 2611 1551 historia.
2644 1503 2856 1568 [Cap-26·

1882 1557 1965 1603 ubi
1982 1556 2041 1603 de
2063 1559 2380 1623 praecedentia
2399 1563 2628 1615 Consulis
2642 1562 2857 1625 Romani

1875 1633 1937 1667 ne
1965 1619 2055 1682 γρῦ
2088 1619 2336 1686 quidem]

2109 1750 2644 1816 GRQNQVIJ.

1931 1887 1990 1930 72
2026 1871 2301 1934 Byzantinos
2327 1877 2563 1937 Quirites]
2601 1887 2715 1928 Iino
2741 1884 2856 1946 quia

1870 1936 2161 1997 Byzantium
2205 1953 2327 1985 nova
2359 1946 2364 1950 '
2399 1939 2549 1987 Roma
2592 1944 2862 2007 appellaba-

1873 2012 1970 2047 tur.

1932 2076 1987 2120 73
2027 2061 2211 2118 Raram
2238 2066 2454 2129 populus]
2500 2070 2615 2116 Non
2632 2067 2857 2133 suffragio

1869 2136 1954 2172 aut
1982 2126 2231 2181 comitiis,
2269 2128 2379 2184 sed,
2419 2129 2707 2195 utdisturm
2741 2130 2853 2180 mis-

1868 2185 1967 2242 sam
1997 2189 2272 2252 imaginem
2292 2190 2555 2240 adorando.

1932 2268 1994 2310 74
2019 2249 2109 2308 Jus
2139 2269 2260 2301 omne
2279 2255 2860 2321 Constantinopolitanorum

1867 2314 2088 2379 pendebat
2121 2332 2155 2363 a
2182 2319 2413 2375 voluntate
2439 2322 2590 2385 populi
2626 2323 2858 2379 Romani]

1873 2377 2202 2427 Falfiffimum.
2269 2386 2383 2429 Imo
2419 2399 2576 2447 quum
2621 2385 2726 2447 post
2756 2391 2858 2433 Ho-

1874 2444 2073 2488 norium
2091 2442 2363 2498 Theodosii
2397 2450 2564 2510 magni
2590 2447 2782 2508 filium,
2804 2447 2856 2492 fi-

1870 2518 1932 2550 ne
1968 2503 2132 2551 liberis
2159 2505 2446 2555 defunetum
2482 2545 2499 2570 ,
2534 2525 2752 2559 maneret
2786 2508 2859 2554 di-

1883 2562 2039 2615 visum
2068 2569 2373 2631 imperium,
2412 2572 2460 2618 &
2497 2574 2615 2620 alius
2642 2576 2689 2618 in
2723 2571 2861 2624 Occi-

1881 2629 2030 2675 dente
2045 2665 2061 2695 ,
2079 2632 2202 2677 alius
2222 2633 2272 2680 in
2291 2635 2500 2682 Oriente
2523 2634 2744 2682 resideret
2757 2638 2857 2678 Im-

1883 2705 2107 2753 perator,
2144 2695 2289 2757 isqui
2315 2702 2485 2744 Romae
2510 2695 2713 2757 agebat,
2747 2710 2848 2743 non

1884 2768 1985 2801 erat
2044 2770 2203 2803 certus
2265 2759 2508 2817 justusque
2585 2761 2804 2821 princeps
2836 2792 2854 2818 2

1885 2820 2167 2882 priusquam
2222 2835 2245 2864 a
2307 2819 2856 2882 Constantinopolitano

1884 2880 2266 2929 confirmaretur.
2331 2883 2405 2927 Sic
2457 2880 2754 2940 Theodoiius
2788 2884 2860 2941 ju·

1888 2947 1997 2989 nior
2038 2946 2210 2987 Romae
2254 2940 2434 2989 fastum
2479 2945 2716 3004 Joannem
2752 2962 2854 2994 non

1889 3004 2116 3065 agnovit,
2152 3004 2381 3067 brevique
2422 3010 2645 3069 potentia
2688 3010 2855 3072 exuit,

1887 3065 2000 3111 dato
2025 3067 2361 3122 Valentiniano
2378 3067 2566 3125 juniore
2582 3068 2856 3119 successore.

1886 3128 1993 3189 Post
2040 3126 2371 3177 Theodosium
2424 3132 2856 3198 Constantinopoli

1883 3204 2088 3254 regnum
2115 3190 2334 3241 obtinuit
2363 3196 2632 3255 Marcianus
2649 3231 2664 3253 ,
2685 3197 2854 3246 affutu-

1883 3268 1959 3300 tus
2013 3268 2038 3299 a
2068 3255 2317 3304 Pulcheria
2351 3257 2515 3305 sorore
2549 3262 2851 3326 Theodolii,

1882 3316 2058 3364 deinde
2087 3323 2189 3366 Leo
2217 3322 2372 3370 Thrax
2392 3354 2406 3375 ,
2444 3322 2491 3368 ὃ(
2516 3328 2669 3372 caeteri
2688 3321 2855 3373 incon-

1885 3379 2010 3428 sulto
2041 3383 2229 3445 populo
2262 3390 2509 3432 Romano.
2563 3390 2856 3437 Valentinia-

1883 3460 1949 3492 no
2010 3449 2182 3492 Roma:
2244 3450 2415 3496 Avitus
2480 3445 2748 3507 Majorinus
2785 3453 2859 3499 vel

1889 3509 2183 3565 Majorianus
2210 3543 2223 3564 ‚
2258 3516 2485 3575 Severus,
2519 3515 2814 3563 Anthemius
2843 3550 2858 3577 ‚

1888 3569 2139 3634 Olybrius,
2181 3574 2456 3638 Glycerius‚
2495 3580 2647 3641 Julius
2667 3585 2855 3643 NepOS‚

1886 3637 2131 3682 Romulus
2173 3639 2466 3701 Augustulus
2509 3639 2858 3711 succefferuntae*

1887 3701 1972 3763 qui
2006 3714 2178 3747 omnes
2211 3701 2332 3750 miffi
2359 3706 2566 3769 petitive
2583 3706 2859 3754 Constanti-

1888 3765 2062 3826 nopoli
2094 3798 2111 3823 ,
2146 3778 2226 3811 aut
2271 3781 2353 3825 per
2396 3770 2609 3820 militem
2635 3807 2652 3831 ‚
2687 3766 2858 3829 injuffu

1887 3827 2062 3936 populi
2102 3831 2362 3891 Romani,
2413 3846 2680 3896 regnarunt.
2749 3830 2857 3878 Post

1923 3905 1978 3937 os
2008 3888 2230 3939 Odoacer
2253 3894 2546 3946 Herulorum
2577 3912 2658 3944 rex
2689 3892 2855 3945 urbem

1888 3954 1936 4000 ὃς
1988 3954 2180 4002 Italiam
2239 3961 2496 4022 occupavit
2526 3993 2543 4018 ,
2600 3953 2784 4005 eversus
2831 3973 2859 4022 a

1890 4016 2205 4082 Theodorico
2236 4020 2409 4071 Gotho
2426 4056 2444 4082 2
2470 4023 2546 4070 cui
2566 4027 2702 4082 Zeno
2721 4025 2855 4141 <glycon-

2778 4099 2858 4147 an·
