3182 5113
887 502 1018 588 33²
1437 479 1507 559 L
1559 484 1592 552 1
1644 481 1704 551 B
1755 480 1822 551 E
1870 483 1977 554 R>
2046 485 2151 557 ll.
2415 484 2876 574 §sxvnrxrxj

954 640 1003 678 2.
1043 617 1212 677 Unde
1255 616 1306 674 ὅῑ
1345 614 1481 671 illud
1522 614 1835 689 intelligere
1888 615 2047 674 datur
2086 663 2100 687 ,
2145 624 2461 694 quanquam
2517 622 2674 678 liberi
2721 642 2863 682 non*

868 698 1030 757 nullis
1070 696 1329 770 gradibus
1370 702 1663 765 parentum
1703 705 2171 764 praeinoi·tuorum
2217 702 2399 754 vicem
2436 683 2703 771 impleant
2745 746 2758 769 ,
2803 700 2858 756 id

862 789 1050 832 tamen
1080 773 1352 828 duntaxat
1382 767 1831 841 intelligendum,
1864 782 1927 826 ut
1971 789 2202 845 capaces
2248 774 2352 830 smt
2389 775 2548 844 juxta
2590 786 2859 845 caeter03‚

869 853 1013 909 salva
1070 861 1253 905 tamen
1311 846 1474 902 sexus
1526 846 1767 918 prunum
1793 890 1807 913 ,
1852 845 2056 910 deinde
2097 851 2269 906 fetatis
2308 852 2674 925 praerogativa
2713 854 2860 909 inter

873 945 1124 1001 capaces,
1206 924 1355 980 Nam
1394 922 1628 995 qualitas
1668 920 1720 977 ὅτι
1750 920 1909 979 sexus
1946 969 1960 993 ‚
2015 923 2067 979 &
2100 927 2309 996 aetatis,
2352 939 2623 999 quatenus
2656 928 2712 983 in
2753 931 2859 984 hac

876 1023 937 1062 re
978 1024 1006 1060 a
1038 1004 1254 1078 populo
1286 997 1665 1057 consideratur
1689 1042 1704 1066 ,
1760 998 1836 1054 ita
1879 1000 2128 1074 personae
2165 1001 2411 1060 adhaeret
2442 1015 2503 1060 ut
2533 1004 2697 1061 avelli
2728 1003 2859 1061 inde

870 1091 1137 1153 nequeat.

943 1160 1093 1215 XIX.
1136 1155 1415 1233 Quaeritur
1448 1170 1516 1209 an
1545 1169 1783 1227 regnum
1816 1198 1829 1221 ,
1890 1154 1987 1210 ubi
2017 1156 2169 1211 hunc
2208 1156 2264 1210 in
2303 1157 2532 1214 modum
2567 1156 2814 1214 defertur
2839 1201 2854 1223 ‚

868 1252 993 1309 pars
1025 1235 1088 1288 fit
1128 1231 1471 1286 hereditatis.
1549 1232 1623 1286 Et
1664 1229 1845 1285 verius
1878 1230 1953 1286 est
1987 1230 2094 1287 esse
2133 1230 2165 1276 k
2202 1248 2261 1289 94
2283 1233 2653 1290 hereditatem
2688 1250 2859 1306 quan.-

869 1312 992 1366 dam
1030 1353 1042 1375 ,
1088 1307 1181 1363 sed
1224 1307 1523 1378 separatam
1562 1308 1629 1362 ab
1676 1306 1913 1362 aliorum
1961 1309 2244 1364 bonorum
2282 1310 2592 1366 hereditate
2618 1355 2632 1379 ‚
2682 1309 2859 1382 qualis

876 1384 1152 1444 hereditas
1186 1382 1477 1455 peculiaris
1509 1384 1566 1436 in
1597 1381 1774 1437 feudis
1809 1382 2174 1454 quibusdam„
2217 1402 2274 1440 95
2312 1385 2689 1460 emphyteusi,
2710 1386 2862 1448 965u-

872 1481 928 1520 re
958 1471 1286 1534 patronatus
1315 1502 1328 1524 ‚
1373 1456 1426 1512 δε
1462 1472 1521 1514 97
1555 1458 1675 1524 J‘ure
1707 1458 1973 1528 praecipui
2016 1460 2170 1530 quod
2209 1460 2412 1518 dicitur
2443 1506 2456 1529 ‚
2502 1448 2860 1535 conspicitur.

876 1537 1042 1594 Unde
1073 1533 1349 1606 sequitur,
1393 1544 1457 1586 ut
1500 1549 1734 1601 regnum
1766 1531 1833 1587 ad
1874 1548 1998 1587 eum
2026 1536 2343 1607 pertineat,
2379 1539 2472 1612 qui
2503 1537 2554 1592 &
2579 1540 2861 1593 bonorum

877 1617 1036 1670 heres
1067 1609 1175 1679 effe
1219 1607 1387 1683 poffit
1413 1607 1454 1663 fi
1499 1607 1636 1662 velit
1660 1650 1676 1673 ,
1723 1604 1814 1675 sed
1852 1609 1928 1661 ita
1964 1624 2025 1662 99
2059 1621 2122 1675 ut
2153 1613 2321 1668 etiam
2352 1628 2408 1668 98
2448 1613 2562 1673 fine
2602 1616 2765 1669 bonis
2808 1609 2861 1664 ἅ

2673 1702 2865 1741 eorum

2858 1780 2878 1804 θ

1175 1829 1221 1873 G
1255 1835 1291 1871 R
1325 1834 1359 1870 ο
1393 1835 1430 1871 ’r
1463 1835 1484 1871 1
1517 1835 1555 1891 ξ.
1899 1822 2251 1884 patrimonium
2287 1822 2425 1877 suum
2455 1862 2471 1888 ,
2533 1837 2634 1873 non
2666 1834 2719 1868 ut
2754 1834 2858 1865 rem

1895 1886 2097 1950 populi,
2120 1885 2359 1951 fimulque
2383 1891 2433 1936 in
2461 1887 2663 1944 debitis,
2682 1881 2859 1946 quibus

933 1954 963 1999 k
999 1948 1298 2001 Hereditatem
1337 1949 1589 2015 quandam]
1658 1948 1847 1996 Putavit
1897 1949 1979 1996 ille
2004 1965 2076 1996 res
2105 1951 2306 2011 privatas
2334 1953 2564 1998 oneravit·

874 2018 1195 2083 innocentius
1225 2020 1316 2061 ΙΙΙ.
1352 2015 1463 2061 talis
1504 2014 1638 2076 regni
1673 2009 1845 2059 succes·
1954 2029 2014 2067 99
2063 2013 2126 2062 Ut
2161 2017 2297 2059 etiam
2334 2012 2429 2070 stne
2478 2014 2592 2060 bonis
2627 2007 2683 2059 fn*
2715 2025 2858 2056 eorum

873 2081 1062 2128 fionem
1089 2079 1250 2125 amitti
1275 2076 1332 2124 ab
1363 2090 1424 2123 eo
1449 2080 1535 2140 qui
1563 2076 1734 2125 ultima
1765 2075 1844 2123 de-
1894 2092 2016 2123 onere
2045 2074 2166 2142 poffi't
2192 2075 2344 2133 adiri]
2375 2072 2643 2123 Periculose
2671 2073 2765 2128 hoc
2788 2071 2860 2120 di-

871 2143 1026 2191 funffi
1068 2140 1294 2193 mandata
1330 2156 1430 2188 non
1466 2139 1756 2202 impleverit.
1803 2155 1843 2186 c.
1898 2140 2050 2202 citur,
2085 2139 2118 2186 fi
2150 2138 2390 2198 trahatur,
2441 2154 2542 2203 quo
2583 2153 2607 2184 a
2646 2135 2864 2198 politicis

868 2207 1003 2253 licet.
1034 2215 1076 2251 6.
1110 2204 1170 2251 de
1191 2216 1334 2260 voto,
1373 2203 1622 2261 [Decretal.
1648 2217 1752 2260 111,
1774 2217 1844 2254 33·
1897 2204 2063 2249 aulicis
2092 2201 2249 2262 solet,
2292 2200 2423 2266 quasi
2455 2204 2673 2262 Princeps
2702 2191 2860 2244 deces-

867 2267 957 2315 Sed
1011 2266 1155 2315 male.
1222 2266 1342 2316 Vide
1379 2281 1484 2331 quae
1536 2263 1749 2313 diximus'
1793 2266 1844 2312 in
1896 2262 2015 2313 soris
2041 2266 2242 2312 nomina
2274 2279 2332 2312 ex
2370 2278 2547 2327 ungere
2571 2278 2670 2310 non
2698 2273 2861 2306 tenea-

866 2333 1018 2381 Notis
1045 2331 1286 2392 Gallicis]
1895 2340 2002 2379 tur:
2034 2326 2290 2392 praesertim
2335 2347 2349 2375 i
2382 2342 2440 2374 ex
2465 2325 2657 2376 historia
2683 2323 2859 2375 memi-

1894 2393 2106 2439 nerimus
2135 2427 2152 2453 ,
2220 2394 2305 2437 hac
2366 2389 2462 2454 ipsa
2511 2386 2862 2451 prazscriptione

1095 2461 1139 2504 G
1174 2468 1211 2505 R
1249 2467 1285 2505 ο
1318 2467 1355 2503 Ν
1395 2464 1429 2501 0
1464 2466 1498 2503 v
1538 2469 1557 2500 1
1601 2471 1642 2502 1.
1895 2455 2138 2564 gnosdam
2165 2456 2400 2518 principes
2432 2451 2540 2500 usos
2557 2453 2614 2500 ad
2639 2449 2861 2498 fraudan-

1929 2532 1983 2564 os
2011 2516 2270 2564 creditores
2295 2516 2534 2581 publicos.
2569 2514 2717 2578 Qod
2738 2509 2863 2558 nihil

930 2602 991 2642 94
1024 2581 1328 2632 Hereditatem
1354 2579 1612 2646 quandam]
1646 2584 1729 2645 Jus
1761 2580 1845 2626 he·
1900 2579 2027 2627 aliud
2058 2580 2153 2641 est,
2171 2596 2319 2646 quam
2345 2579 2494 2627 fidem
2524 2581 2698 2626 tollere
2716 2610 2726 2627 ‚
2751 2588 2861 2636 Ρη-

872 2650 1150 2695 reditarium
1179 2650 1253 2695 vel
1272 2647 1577 2709 dignitatern.
1639 2644 1845 2706 Alioqui
1868 2673 1871 2698 ,
1899 2645 2098 2706 cipuum
2130 2646 2313 2706 generis
2345 2643 2548 2691 humani
2576 2638 2822 2687 vinculum
2840 2668 2856 2693 ‚

878 2713 1036 2759 Tacito
1060 2724 1142 2773 per
1155 2710 1391 2757 invidiam
1418 2708 1680 2770 imperium
1694 2700 1872 2787 Rom.{
1901 2706 1949 2751 &
2006 2704 2137 2770 ipsos
2188 2706 2428 2769 Principes
2484 2717 2584 2765 quo
2635 2709 2860 2759 tempore

871 2787 1073 2820 vocatur
1098 2776 1240 2820 unius
1269 2771 1466 2819 familiae
1494 2769 1764 2829 hereditas,
1803 2783 1841 2816 1.
1896 2771 2111 2817 maxime
2153 2770 2355 2834 pecunia
2396 2764 2640 2825 indigent,
2684 2774 2863 2825 paupe?

876 2836 981 2884 hist.
1017 2846 1089 2883 16.
1866 2789 1996 2900 lrare
2023 2844 2169 2894 atque
2202 2830 2356 2876 nudos
2398 2825 2665 2873 destituere.
2730 2828 2862 2872 Nam

935 2916 991 2952 95
1033 2898 1336 2963 Emphytetfi]
1402 2901 1570 2959 Quum
1592 2893 1770 2943 fundus
1795 2896 1844 2943 in
1867 2905 1870 2947 f
1896 2896 2007 2956 quis
2034 2905 2264 2938 mutuum
2300 2890 2411 2936 dare
2443 2891 2590 2945 velit,
2627 2888 2712 2952 qui
2745 2884 2859 2933 sciat

871 2974 1163 3026 perpetuum
1201 2973 1284 3009 aut
1321 2962 1478 3024 plures
1519 2974 1671 3006 annos
1707 2973 1844 3005 uteri·
1891 2957 1939 3002 se
1966 2956 2176 3016 recipere
2203 2951 2342 3000 suum
2367 2966 2467 2998 non
2497 2949 2627 3016 poffe
2646 2987 2660 3011 ‚
2687 2949 2721 2996 fi
2754 2963 2860 2997 rno-

846 3054 848 3056 v
874 3026 962 3073 dus
987 3024 1216 3072 fruendus
1242 3026 1445 3071 traditur
1469 3022 1643 3068 statuta
1659 3020 1838 3083 pensio·
1894 3018 2042 3062 riatur
2089 3019 2308 3079 Princeps
2350 3029 2462 3061 ante
2508 3015 2806 3062 solutionem
2840 3005 2862 3061 ἶ

876 3105 965 3149 ne,
999 3091 1066 3135 ita
1095 3101 1150 3136 ut
1177 3090 1329 3135 etiam
1358 3087 1415 3134 ad
1453 3083 1654 3132 heredes
1695 3095 1844 3128 trans·
1895 3086 1997 3143 Ego
2020 3080 2218 3126 &omni
2244 3083 2343 3136 jure
2375 3077 2577 3139 obligari
2592 3079 2860 3139 Principem

870 3167 965 3199 eat.
1864 3165 1869 3237 ἱ
1892 3154 2015 3206 puto
2046 3143 2092 3187 &
2114 3147 2320 3205 Regem,
2337 3153 2388 3187 ut
2418 3139 2538 3188 ferat
2569 3137 2860 3202 ontis,quod

930 3227 989 3269 96
1024 3214 1142 3270 Jure
1167 3210 1461 3273 patronatus]
1499 3205 1741 3254 videndus
1769 3208 1868 3267 tit.⁵
1893 3201 2101 3254 decessor
2129 3206 2368 3251 contraxit
2388 3239 2403 3263 ‚
2438 3206 2485 3251 ὅ(
2515 3202 2712 3267 pessime
2737 3204 2863 3250 face-

868 3279 983 3326 Inst.
1016 3277 1067 3323 de
1096 3274 1394 3343 adsignatione
1435 3274 1702 3321 libertorum.
1767 3272 1842 3319 Sic
1894 3284 1944 3316 re
1969 3267 2266 3316 confiliarios
2285 3302 2301 3329 ,
2336 3270 2421 3332 qui
2447 3268 2575 3315 aliud
2604 3265 2862 3331 suggerunt

866 3340 1218 3390 Lacedaemonii
1252 3339 1302 3385 in
1328 3340 1484 3387 tutela
1514 3332 1839 3387 Claudiorum
1890 3334 2117 3394 Principi.

864 3418 1017 3453 erant.
1057 3405 1229 3451 Sueten.
1258 3400 1368 3450 Tib.
1402 3413 1444 3449 6.
1860 3388 1866 3461 l
1953 3396 2233 3448 Creditores
2258 3395 2330 3443 illi
2357 3394 2435 3441 vel
2463 3394 2657 3452 subjeciti
2682 3392 2757 3440 vel
2783 3405 2867 3438 ex·

921 3486 981 3527 97
1016 3466 1132 3524 Jure
1168 3469 1407 3530 praecipui]
1474 3465 1746 3528 Praecipuum
1775 3461 1864 3509 esti
1894 3461 1985 3507 teri
2010 3457 2143 3508 sunt:
2191 3460 2225 3507 fi
2257 3461 2440 3518 exteri,
2485 3458 2665 3505 famam
2713 3457 2860 3503 vereri

866 3531 1080 3591 legatum
1112 3532 1196 3577 uni
1222 3532 1349 3576 inter
1379 3528 1669 3588 coheredes,
1703 3526 1837 3590 quod
1892 3523 2062 3579 debet;
2099 3522 2133 3569 si
2161 3523 2385 3581 subjeffi,
2431 3538 2529 3571 non
2568 3522 2715 3577 debet
2752 3519 2863 3565 suo·

867 3592 906 3637 is
932 3594 1102 3641 habeat
1129 3607 1218 3656 pra:
1270 3594 1447 3641 caeteris
1477 3593 1525 3639 &
1561 3590 1740 3649 iudicio
1773 3588 1839 3636 fa·
1890 3603 1997 3635 rum
2031 3588 2197 3646 injuria
2227 3584 2443 3634 crescere.
2493 3592 2623 3634 Tum
2651 3579 2860 3631 deceffot

872 3656 1013 3701 miliae
1039 3655 1316 3703 erciscundae
1343 3669 1513 3719 capere
1536 3652 1676 3718 poffit
1708 3667 1837 3701 ante·
1892 3653 1939 3698 ἃ
1976 3665 2056 3697 rex
2100 3650 2294 3716 praesens
2332 3653 2581 3698 moraliter
2622 3649 2732 3697 sunt
2767 3661 2861 3693 una

859 3731 1023 3779 ,quam
1055 3722 1152 3766 aliae
1182 3734 1337 3781 partes
1370 3717 1725 3766 distribuantur.
1761 3720 1837 3763 Le·
1890 3713 2105 3777 persona.
2173 3715 2306 3763 Unde
2357 3730 2450 3761 vox
2504 3715 2588 3761 illa
2614 3748 2627 3770 ,
2694 3714 2860 3774 Regem

862 3793 1017 3842 gatum
1043 3793 1118 3840 per
1144 3781 1565 3847 praeceptionem.‚0.
1590 3795 1639 3829 2.
1690 3780 1837 3829 instit.
1890 3780 2062 3826 Gallie
2101 3796 2183 3825 non
2226 3782 2351 3825 mori.
2424 3777 2860 3840 Quemadmodum

868 3841 921 3888 de
948 3843 1079 3915 {egat3
1110 3845 1280 3889 Sueton.
1315 3846 1469 3893 Galba
1497 3860 1600 3909 cap.
1638 3863 1680 3900 ς.
1890 3844 1937 3889 &
1978 3845 2189 3906 populus
2249 3842 2383 3889 idem
2439 3843 2727 3912 intelligitur
2773 3835 2860 3898 qui

928 3917 985 3957 98
1023 3904 1126 3970 Sene
1155 3905 1302 3975 bonis]
1368 3908 1638 3970 Repudiata
1667 3904 1837 3955 succes-
1889 3918 2000 3953 ante
2030 3919 2226 3953 centum
2260 3921 2410 3953 annos
2441 3909 2536 3955 fuit
2560 3900 2642 3965 ,iit
2669 3903 2861 3962 elegan-

860 3965 1019 4039 {ione--
1063 3983 1113 4014 m
1177 3980 1363 4027 privato
1413 3970 1730 4018 instrumento
1779 3986 1830 4018 ac
1890 3983 1962 4016 ter
1987 3968 2197 4032 disputat
2222 3971 2406 4018 Austor
2445 3973 2619 4030 capsp.
2656 3980 2789 4011 uum.
2815 3975 2858 4012 8.

856 4030 1221 4112 praean-quae
1249 4027 1460 4096 possedit
1489 4030 1731 4100 decessor,
1782 4046 1835 4083 ut
1888 4039 2014 4097 Ergo
2064 4045 2304 4093 quantum
2347 4034 2397 4085 in
2435 4033 2538 4095 ipso
2580 4027 2675 4091 est,
2724 4025 2857 4138 (1αὲὶά

859 4115 869 4125 ⁴
2738 4103 2787 4138 re
2836 4103 2863 4137 ei
