3182 5113
955 393 1095 464 868
1582 392 1655 467 L
1701 396 1735 468 I
1780 394 1839 467 Β
1886 392 1953 464 E
2003 395 2081 467 R
2178 390 2314 463 III.
2581 377 2965 468 §.xunxrvl

1019 551 1071 589 2.
1116 531 1287 610 Quod
1323 530 1398 587 de
1439 531 1581 605 agris
1612 531 1696 600 jus
1746 530 1856 600 est,
1896 527 2049 590 idem
2096 522 2206 581 effe
2245 518 2485 579 arbitror
2531 517 2602 574 de
2645 515 2800 571 omni
2833 514 2954 582 jure

941 610 1100 698 quod
1138 611 1259 667 solo
1292 609 1561 665 adhaeret.
1639 610 1786 665 Nam
1822 608 1873 664 δί
1911 608 2039 663 loca
2084 613 2245 674 capta
2281 600 2349 654 ab
2389 593 2639 652 hostibus
2679 608 2800 662 quae
2834 588 2958 644 reli·

944 686 1098 762 glosa
1128 686 1221 743 vel
1261 685 1410 742 sacra
1442 684 1701 753 fuerant,
1746 685 1785 742 fi
1822 687 1888 740 ab
1920 685 2025 739 hac
2081 678 2393 735 calamitate
2445 671 2652 727 fuerint
2690 667 2954 732 liberata,

949 763 1103 837 quasi
1136 762 1385 836 quodam
1423 761 1769 833 postliminio
1801 759 2018 817 reversa
2049 754 2280 829 pristino
2314 749 2476 808 statui
2510 743 2720 803 restitui
2753 740 2957 814 scripsit

689 857 721 888 a
748 840 806 888 L·
835 849 981 890 mma
1016 839 1395 913 Pomponius:
1441 839 1669 910 quicum
1702 837 1974 894 convenit
2007 830 2141 889 illud
2167 826 2459 885 Ciceronis
2486 824 2541 879 in
2574 820 2597 870 b
2629 819 2860 874 Verrina
2894 816 2962 871 de

657 906 937 1014 2⁶⁶333225-
955 917 1118 991 signis
1143 959 1158 982 ,
1202 914 1272 971 de
1301 914 1487 971 Diana
1514 914 1842 987 Segestana:
1887 913 1956 967 P.
1981 906 2235 982 Africani
2258 909 2456 960 virtute
2484 900 2789 970 religionem
2806 892 2971 969 flmul

657 1002 804 1095 giba.
954 1014 1072 1049 cum
1110 993 1209 1077 lopo
1242 994 1579 1063 recuperavit.
1621 989 1673 1045 ὀί
1726 990 2048 1047 Marcianus
2084 1003 2102 1031 c
2140 1000 2265 1040 cum
2302 975 2623 1054 postliminii
2661 974 2781 1041 jure
2819 988 2966 1027 com·

690 1092 715 1140 h
741 1105 831 1150 w,
854 1105 927 1145 35,
949 1081 1107 1145 parat
1142 1085 1227 1135 jus
1266 1066 1400 1123 illud
1440 1084 1556 1138 quo
1585 1066 1760 1122 solum
1793 1065 2031 1121 aedificio
2058 1071 2396 1131 occupatum
2423 1071 2494 1108 eo
2524 1046 2769 1121 collapso
2793 1056 2846 1101 65
2884 1046 2967 1103 lit-

687 1174 709 1202 e
738 1158 796 1202 L.
824 1158 871 1199 in
956 1146 1068 1203 tori
1105 1142 1378 1200 redditur.
1463 1146 1652 1221 Quare
1686 1143 1739 1199 δί
1771 1140 2165 1198 usumfructum
2203 1134 2320 1208 agri
2373 1129 2588 1202 recepti
2633 1123 2844 1182 restitui
2892 1122 2966 1179 di-

654 1233 848 1293 tamam.
879 1225 923 1264 6·
957 1219 1199 1279 cendum
1233 1220 1373 1286 erit,
1415 1221 1484 1275 ad
1512 1220 1838 1291 exemplum
1876 1218 1993 1285 ejus
2021 1211 2178 1287 quod
2212 1210 2282 1267 de
2331 1224 2466 1281 agro
2501 1201 2773 1260 inundato
2806 1202 2966 1256 Pom-

653 1280 876 1395 ffjr‘dwff·
953 1298 1160 1373 ponius
1193 1295 1223 1344 d
1258 1294 1568 1368 respondit.
1646 1297 1738 1353 Sic
1777 1293 2042 1366 Hispanis
2073 1291 2200 1361 lege
2232 1306 2253 1335 e
2291 1296 2516 1341 cautum
2544 1280 2666 1349 est,¹
2697 1289 2760 1331 ut
2797 1276 2964 1333 comi-

689 1407 722 1456 ά
749 1410 803 1455 L.
820 1405 869 1464 st
947 1385 1094 1462 tatus
1131 1370 1184 1426 &
1226 1373 1342 1428 aliae
1374 1371 1784 1442 jurisdictiones
1818 1367 2167 1427 hereditariae
2194 1359 2531 1436 postliminio
2570 1354 2835 1421 redeant,
2863 1369 2969 1408 ma-

649 1489 775 1534 ager.
804 1478 880 1515 26.
944 1467 1097 1520 Jores
1131 1449 1400 1513 omnInoz
1442 1449 1688 1504 minores
1712 1492 1725 1515 ,
1747 1448 1787 1503 fi
1820 1448 1964 1501 intra
1991 1440 2418 1516 quadriennium
2445 1453 2473 1488 a
2502 1430 2830 1503 receptione
2854 1429 2968 1484 Vin-

647 1532 891 1594 D.qm·bus
951 1526 1249 1587 dicentur-3
1315 1524 1415 1580 nili
1462 1522 1618 1597 quod
1660 1540 1845 1580 arcem
1877 1520 2030 1577 bello
2073 1515 2313 1574 amiffam
2360 1511 2413 1567 &
2451 1505 2966 1583 quomodocunque

650 1599 769 1706 ’6θέ
806 1600 927 1670 “fifs-
944 1613 1331 1672 recuperatam
1370 1598 1650 1656 retinendi
1681 1600 1767 1667 Jus
1810 1615 1909 1655 rex
1948 1597 2140 1652 habet.

634 1666 724 1725 fra
774 1671 922 1706 ,amm
1023 1676 1178 1732 XlV.
1212 1693 1260 1731 ι.
1302 1677 1395 1731 De
1422 1676 1727 1733 mobilibus
1766 1671 2040 1747 generalis
2070 1670 2130 1724 in
2161 1664 2499 1723 contrarium
2538 1656 2727 1732 regula
2759 1656 2868 1724 est,
2912 1665 2969 1712 ut

641 1724 892 1846 cssnsseftb.
953 1752 1303 1826 postliminio
1353 1770 1471 1808 non
1506 1751 1772 1818 redeant,
1837 1747 1928 1803 sed
1976 1748 2034 1802 ln
2065 1741 2250 1817 praeda
2283 1743 2417 1798 sint:
2456 1748 2520 1792 ut
2565 1739 2683 1797 haec
2731 1732 2967 1806 opponit

642 1865 699 1899 X,
732 1852 808 1899 ziz.
841 1864 923 1903 29,
946 1830 1166 1887 Labeo,
1213 1829 1402 1905 Quare
1437 1826 1490 1883 δε
1520 1835 1579 1873 66
1616 1824 1962 1882 commercio
1999 1831 2222 1895 parata,
2245 1817 2566 1885 ubicunque
2596 1809 2963 1883 reperiuntur,

639 1926 687 1978 p.
718 1929 766 1959 2.
944 1915 1178 1961 manent
1213 1908 1329 1971 ejus
1352 1948 1365 1971 ‚
1419 1904 1517 1977 qui
1550 1903 1717 1957 emit:
1761 1918 1868 1956 nec
1905 1897 2051 1972 apud
2086 1905 2317 1969 pacatos
2352 1902 2572 1964 reperta
2603 1899 2697 1942 aut
2727 1886 2871 1959 intra
2910 1885 2964 1939 fi-

935 1998 1038 2038 nes
1071 1976 1340 2062 perducta
1366 1976 1694 2035 vindicandi
1729 1978 1814 2045 jus
1843 1976 1919 2033 est
1946 1973 2127 2036 veteri
2161 1968 2413 2025 domino,
2499 1964 2609 2038 Sed
2640 1965 2707 2018 ab
2741 1961 2846 2016 hac
2889 1976 2965 2015 re-

935 2056 1066 2143 gula
1096 2052 1359 2140 Videmus
1394 2055 1532 2110 olim
1565 2064 1806 2125 excepta
1829 2096 1842 2117 ,
1888 2068 2007 2123 quae
2060 2051 2117 2103 in
2142 2044 2295 2102 bello
2328 2042 2765 2099 usumahabent:
2814 2033 2963 2108 quod

928 2132 1064 2187 ideo
1103 2128 1375 2201 placu1sse
1407 2129 1675 2202 gentibus
1710 2126 1969 2196 videtur,
2031 2136 2097 2181 ut
2144 2130 2201 2180 67
2251 2117 2620 2191 recuperandi
2653 2116 2771 2187 spes
2805 2111 2873 2167 ad
2908 2128 2968 2166 ea

933 2205 1312 2293 comparanda
1344 2204 1644 2261 alacriores
1672 2204 1934 2259 homines
1959 2199 2242 2258 redderet.
2308 2196 2672 2265 Plurimarum
2710 2190 2858 2245 enim
2902 2187 2970 2242 ci-

936 2295 1176 2366 Vitatum
1212 2282 1463 2339 instituta
1502 2298 1572 2336 eo
1601 2291 1858 2351 tempore
1891 2277 1960 2334 ad
1985 2295 2101 2335 rem
2132 2273 2390 2332 bellicam
2414 2270 2818 2339 referebantur.
2844 2272 2973 2336 qua}

944 2377 1005 2416 re
1042 2358 1208 2413 facile
1240 2359 1296 2412 in
1322 2360 1435 2413 hoc
1469 2354 1801 2414 consensum
1840 2355 1936 2412 est.
2017 2352 2192 2409 Usum
2226 2361 2411 2405 autem
2439 2348 2493 2401 in
2534 2345 2685 2401 bello
2718 2343 2834 2407 haec
2874 2336 2968 2394 ha-

944 2437 1081 2521 bere
1117 2434 1412 2520 censentur
1443 2451 1565 2504 quae
1605 2429 1781 2488 modo
1820 2448 1891 2488 ex
1938 2430 2101 2487 Gallo
2139 2427 2294 2483 AElio
2345 2424 2630 2479 attulimus
2655 2464 2668 2485 ‚
2712 2417 2802 2472 sed
2843 2431 2963 2486 quae

666 2532 849 2595 ..few
886 2540 927 2578 g,
949 2510 1253 2568 d1st1n5t1us
1291 2509 1547 2581 expolita
1596 2507 1813 2564 exstant
1847 2520 1963 2563 tum
1996 2504 2143 2580 apud
2182 2501 2519 2559 Ciceronem
2552 2499 2607 2552 in
2647 2497 2677 2548 f
2701 2492 2958 2566 Topicis,

689 2628 723 2675 g
750 2599 1071 2661 L‚2‚(5,1tum
1104 2586 1252 2660 apud
1285 2604 1316 2651 g
1353 2583 1764 2643 Modestinum.
1844 2583 2039 2641 Naves
2079 2580 2293 2638 scilicet
2326 2586 2380 2625 68
2419 2577 2600 2648 longae
2634 2585 2804 2643 atque
2837 2583 2968 2621 one-

663 2692 712 2732 4·
739 2674 808 2722 D.
842 2670 895 2723 de
2780 2657 2930 2695 ranae
2950 2680 2967 2706 ,

668 2748 789 2802 capt.

961 2877 1044 2914 tem
1074 2857 1387 2913 Vandalicam
1415 2853 1665 2921 pertuliffi:
1702 2867 1752 2901 ut
1775 2852 1827 2903 de
1854 2853 1952 2901 illo·
2060 2858 2118 2897 66
2155 2843 2412 2893 commercio
2453 2832 2664 2896 parata]
2730 2832 2870 2874 Emta
2919 2827 2964 2872 ὃς

960 2943 1059 2974 rum
1089 2925 1228 2986 causis
1250 2924 1341 2970 illa
1368 2935 1566 2987 tempora
1589 2921 1767 2984 praefixo
1797 2920 1953 2965 tricen-
1977 2918 2291 2978 ,permutata
2462 2961 2470 2969 ·
2772 2954 2781 2963 .

961 2995 1033 3038 nio
1076 2985 1396 3038 subtrahantur
1434 3020 1451 3045 ‚
1498 2996 1586 3047 qua
1629 2984 1841 3029 claruerit
1872 2976 1983 3035 sub}
2065 2984 2120 3028 67
2161 2957 2597 3028 Recuperandzspes]
2624 2962 2682 3000 Ut
2707 2950 2964 2999 ammofiflss

967 3050 1209 3112 hostilitate
1235 3050 1471 3105 consumta.
1508 3052 1564 3092 In
1590 3046 1773 3092 concilio
1788 3044 1955 3099 Hispa·
1982 3040 2255 3094 lenitatem,
2306 3028 2354 3072 in
2387 3020 2561 3086 quibus
2598 3013 2768 3063 scirent
2810 3016 2962 3063 valere

976 3112 1082 3173 lensi
1105 3110 1259 3162 relato
1292 3116 1342 3160 in
1372 3111 1561 3157 causam
1591 3119 1687 3153 xvx
1706 3139 1719 3162 ,
1739 3101 1961 3163 quaestio-
1985 3098 2075 3190 {jus
2104 3089 2409 3157 postliminii.
2925 3139 2934 3148 ⁶

978 3190 1052 3223 me
1080 3189 1188 3221 111,
1233 3189 1258 3217 c
1310 3187 1385 3221 13.
1430 3172 1545 3227 ficut
1573 3180 1649 3226 per
1679 3167 1813 3227 legem
1840 3176 1990 3205 mun-2
2070 3166 2124 3203 63
2157 3156 2307 3213 Longa
2335 3147 2389 3197 ἶς’
2415 3146 2622 3189 oneraria
2641 3149 2804 3199 naves]
2842 3144 2962 3201 Qia

982 3234 1160 3286 »dialem
1206 3233 1270 3280 his
1317 3247 1419 3293 qnos
1470 3228 1706 3276 barbarica
1741 3227 1967 3285 severitas
2002 3219 2098 3266 illis
2125 3214 2336 3271 milites,
2371 3209 2444 3255 his
2473 3206 2588 3251 belli
2619 3215 2868 3268 apparatus
2895 3215 2969 3249 ve·

984 3300 1178 3352 ‘apti-va
1218 3293 1455 3352 necgffitate
1498 3291 1774 3348 transvexit,
1824 3284 1966 3347 postli-
2003 3277 2421 3334 bebatur.Lusorice
2448 3270 2493 3315 ὅ(
2522 3271 2734 3315 αὲῗαανίι
2762 3268 2965 3315 duorum

988 3363 1129 3408 minio
1170 3356 1480 3404 revertentibus
1528 3352 1726 3399 redditur
1781 3352 1966 3409 antiqua
2002 3355 2136 3391 erant
2168 3352 2418 3402 generum.
2484 3335 2600 3378 Aliae
2630 3334 2761 3378 enim
2790 3328 2966 3377 lusoriae

989 3419 1186 3489 pffffio.
1226 3419 1455 3467 convenit
1496 3431 1534 3462 c.
1584 3429 1643 3462 ex
1686 3408 1968 3461 transmissa.
2007 3408 2055 3452 in
2082 3405 2199 3464 ripis
2232 3401 2456 3448 omnium
2488 3396 2855 3443 terminantium
2883 3394 2966 3438 im·

990 3486 1044 3535 de
1069 3482 1464 3548 prastriptionibus.
1511 3477 1622 3524 vide
1651 3478 1698 3523 ὃ(
1740 3475 1975 3532 Cujacium
2007 3468 2196 3532 perium
2235 3465 2329 3520 (ut
2367 3472 2501 3507 erant
2530 3457 2811 3518 Danubius,
2847 3453 2966 3504 Rhe·

994 3549 1056 3596 ad
1079 3549 1284 3594 titulum
1304 3550 1361 3594 C.
1395 3543 1455 3591 de
1478 3540 1833 3606 praescriptione
1858 3549 1965 3583 xxx.
1991 3535 2097 3593 {nus
2114 3566 2129 3590 ‚
2163 3523 2463 3590 Euphrates)
2508 3520 2823 3571 excubabant.
2863 3521 2895 3566 l.
2919 3534 2961 3572 4.

992 3625 1255 3662 annorum.
2008 3594 2132 3643 Cod.
2179 3589 2229 3638 de
2264 3587 2375 3648 offic.
2409 3584 2560 3644 judic.
2590 3587 2723 3633 milit.
2768 3587 2800 3633 l.
2831 3602 2879 3641 4.
2912 3584 2965 3626 C.

2006 3658 2056 3706 de
2087 3654 2197 3714 offic.
2215 3673 2331 3716 mag⁶
2349 3650 2463 3708 effic.
2490 3651 2539 3697 in
2566 3649 2641 3696 his
2672 3660 2848 3712 utpote
2876 3643 2967 3691 bel·

2007 3722 2108 3770 licis
2138 3731 2235 3764 erat
2263 3718 2359 3765 fine
2383 3713 2533 3761 dubio
2574 3715 2645 3770 jus
2670 3706 2969 3774 postliminii.

2007 3790 2072 3832 At
2098 3781 2390 3830 vocabantur
2410 3778 2457 3824 ὅ(
2473 3777 2638 3836 lufhriae.
2660 3776 2967 3839 privatorum,

1056 3870 1111 3917 65
1150 3862 1312 3915 Liuori
1338 3859 1566 3918 redditur]
1608 3863 1677 3908 Ex
1703 3854 1892 3921 privato
1916 3845 2191 3911 fit‹quibus
2222 3847 2294 3893 illi
2330 3841 2598 3904 voluptatis
2628 3838 2760 3885 causa
2788 3838 2894 3893 huc
2918 3833 2970 3879 il·

995 3926 1202 3986 numus.
1987 3894 2089 3965 Huc
2114 3908 2423 3963 vectabantur
2442 3936 2458 3965 ,
2492 3917 2546 3956 ut
2573 3903 2794 3968 loquitur
2828 3894 2975 3964 ‚perrp-

1035 4012 1038 4018 ²
2888 3971 2981 4017 '¹¹⁹5

1213 3741 1736 3785 Gnowovll.
