3182 5113
1451 481 2084 570 IN'DE‘X.

645 600 829 650 auferre
859 599 1018 663 possit.
1070 616 1098 652 2
1118 638 1130 661 ,
1165 616 1257 661 14,
1291 618 1336 660 7.
1368 602 1616 666 quaefitum
1651 607 1698 654 in

643 679 808 730 regem
854 681 935 729 per
984 666 1345 730 promiffionem
1390 671 1440 718 δε
1487 668 1659 718 firnilia
1690 709 1701 728 ,

646 745 747 792 quo
773 729 878 778 casu
907 732 1022 791 juste
1047 731 1155 796 ipsis
1177 733 1425 780 auferatur.
1458 750 1484 780 2
1504 769 1518 791 ,
1550 752 1564 780 t
1582 756 1643 793 4,
1662 746 1702 788 s.

646 796 872 858 legitimo
901 797 1051 845 modo
1085 813 1273 860 partum
1307 813 1366 843 ne
1405 801 1476 844 cui
1524 801 1702 847 aufera-

651 872 726 907 tur
752 859 852 907 fine
880 861 1046 918 causa,
1082 864 1193 919 juris
1219 863 1448 910 naturalis
1477 861 1557 913 est.
1611 869 1706 914 ilud.

652 926 812 972 curin
842 930 1022 988 populo
1051 942 1130 975 aut
1171 928 1353 975 restore
1395 930 1492 985 ejus
1532 929 1714 993 insuper

655 990 860 1051 quidam
889 990 1114 1043 habeant.
1345 997 1500 1051 proleg.
1530 1011 1622 1057 pag.
1661 1014 1709 1050 13

593 1055 680 1116 Jus
716 1055 996 1106 advocatioe.
1459 1074 1477 1105 1
1503 1093 1516 1113 ,
1562 1077 1580 1113 3
1607 1095 1619 1116 ‚
1656 1075 1709 1106 21

566 1118 674 1181 ,jus
702 1117 815 1166 belli
851 1136 937 1182 pro
964 1136 1023 1168 eo
1061 1121 1192 1184 quod
1220 1122 1496 1171 naturaliter
1531 1140 1715 1180 aequum

657 1184 754 1241 est,
790 1189 840 1233 &
866 1185 1142 1233 consuetum
1169 1201 1196 1232 a
1237 1187 1395 1234 mitius
1437 1186 1716 1235 viventibus,

663 1265 684 1301 3
713 1283 726 1303 ‚
750 1262 931 1304 11,13.
959 1255 1159 1308 &3‚1r
1182 1284 1195 1304 ‚
1225 1266 1413 1311 15.pro
1440 1254 1719 1313 eoquodfit

655 1312 880 1374 impune,
910 1330 991 1375 per
1026 1313 1068 1360 se
1094 1328 1258 1361 tamen
1287 1331 1387 1362 non
1418 1317 1553 1364 omni
1580 1321 1715 1380 culpa

612 1422 616 1426 ,
660 1391 804 1427 caret.
843 1395 863 1431 3
889 1413 903 1434 ‚
931 1399 992 1437 4,
1036 1377 1159 1432 5.est
1181 1379 1303 1425 inter
1333 1379 1536 1427 diversos
1571 1399 1716 1445 popu-

657 1442 734 1489 los
763 1456 867 1488 non
901 1443 1113 1500 ejusdem
1146 1443 1350 1490 civitatis
1391 1447 1623 1496 membra.
1667 1465 1685 1502 3
1713 1484 1725 1504 ,

663 1521 723 1552 20
742 1542 754 1561 ‚
804 1516 844 1553 8.
867 1505 1098 1563 spectatur
1125 1523 1224 1554 non
1253 1521 1442 1559 tantum
1461 1526 1520 1557 ex
1550 1513 1717 1572 princi-

659 1571 775 1630 pie,
821 1568 900 1617 sed
942 1576 993 1621 δε
1032 1587 1092 1620 ex
1136 1570 1283 1620 causis
1330 1573 1708 1625 subnascentibus

667 1650 690 1686 3
714 1669 729 1690 ,
748 1652 766 1681 1
791 1669 806 1690 ‚
826 1652 867 1687 3.
895 1649 1074 1684 certum
1106 1638 1353 1685 metaliter
1380 1640 1493 1700 quid
1524 1639 1721 1690 dicatur.

659 1714 726 1753 a,
746 1716 773 1755 7
792 1734 806 1755 ,
826 1716 867 1747 z.
887 1703 1170 1762 civilequid.
1197 1717 1215 1750 1
1247 1735 1261 1757 ‚
1287 1718 1340 1757 1,
1371 1719 1443 1762 14.
1475 1702 1604 1753 favet
1635 1708 1728 1761 lais,

663 1764 750 1824 qui
777 1778 939 1827 parere
967 1765 1149 1814 neceffe
1181 1766 1360 1814 habent
1383 1803 1397 1823 ‚
1431 1768 1507 1815 sed
1547 1785 1648 1818 non
1676 1773 1726 1819 iis

659 1841 766 1889 qua:
801 1833 1108 1879 atrocitatem
1154 1831 1333 1878 habent
1376 1831 1622 1884 facinoris.
1662 1853 1687 1884 2
1713 1872 1725 1891 ,

666 1901 728 1939 26
750 1927 763 1947 ,
788 1909 830 1946 3.
864 1898 1012 1944 oritur
1039 1898 1115 1943 vel
1147 1911 1205 1942 ex
1237 1894 1538 1959 obligatione
1563 1900 1640 1946 vel
1668 1916 1725 1947 ex

661 1956 908 2007 consensu.
939 1961 1090 2022 proleg.
1121 1975 1210 2022 pag.
1250 1973 1322 2008 11.
1374 1961 1435 2007 ad
1468 1977 1590 2024 quos
1627 1981 1725 2013 non

670 2023 924 2083 pertineat.
954 2039 998 2079 1,
1018 2039 1064 2080 1,
1085 2040 1123 2071 1.
1148 2025 1274 2071 aliud
1292 2028 1425 2088 quod
1458 2027 1580 2076 inter
1605 2032 1720 2090 ejus·

665 2085 781 2133 dem
813 2099 1005 2135 tanturn
1045 2091 1211 2151 populi
1255 2101 1409 2152 partes
1454 2093 1629 2141 valeat.
1670 2111 1727 2149 2,

660 2163 716 2202 13
744 2184 758 2204 ,
797 2160 868 2199 16.
902 2152 1032 2199 aliud
1060 2154 1190 2214 quod
1219 2154 1358 2201 civile
1383 2154 1552 2203 dicitur
1582 2159 1724 2219 pluri-

667 2228 860 2264 marum
888 2219 1120 2279 gentium.
1142 2234 1161 2264 1
1187 2252 1200 2273 ,
1222 2233 1242 2262 1
1268 2254 1283 2274 ‚
1304 2235 1377 2278 14.
1398 2223 1447 2267 ὅ(
1469 2237 1493 2267 2
1515 2255 1530 2276 ‚
1549 2238 1593 2277 3,
1613 2240 1653 2279 5.
1673 2226 1722 2273 ὅ(

672 2293 733 2333 2,
769 2290 791 2326 8
819 2314 835 2335 ,
871 2296 910 2329 r.
940 2281 1035 2327 hoc
1059 2284 1316 2343 improprie
1337 2283 1480 2332 etiam
1514 2286 1583 2343 jus
1610 2303 1722 2349 gen-

666 2343 793 2391 tium
826 2359 1037 2396 vocatur.
1086 2352 1184 2394 vide
1215 2347 1296 2409 Jus
1333 2351 1581 2413 gentium3
1618 2367 1716 2398 mu-

587 2445 591 2452 .
663 2410 757 2454 tari
782 2410 950 2470 potest.
991 2430 1017 2459 2
1035 2446 1048 2468 ,
1068 2420 1090 2456 8
1110 2446 1123 2466 ‚
1142 2428 1179 2458 1.
1215 2413 1363 2460 etiam
1391 2430 1417 2461 a
1445 2411 1660 2476 singulis.
1680 2433 1723 2472 2,

670 2488 694 2526 3
717 2504 735 2526 ,
769 2490 811 2527 5.
846 2477 918 2534 jus
954 2474 1198 2537 quaefitum
1234 2492 1293 2524 ex
1324 2480 1432 2542 lege
1464 2477 1593 2526 civili
1624 2494 1721 2527 non

662 2537 854 2598 magi3‚
892 2554 1042 2600 quam
1076 2541 1209 2603 quod
1242 2557 1301 2590 ex
1346 2545 1445 2601 jure
1476 2546 1681 2592 naturali
1709 2580 1721 2602 ,

665 2597 768 2647 fine
793 2603 929 2650 causa
955 2607 1094 2659 alicui
1121 2605 1289 2653 auferri
1321 2606 1486 2668 potest.
1528 2625 1553 2655 2
1573 2643 1586 2665 ‚
1626 2625 1685 2668 14
1708 2644 1721 2666 ,

670 2673 717 2712 8.
752 2669 1045 2719 commercii.
1090 2674 1186 2715 vzde
1226 2673 1524 2720 commercii
1567 2674 1638 2733 ius
1668 2689 1722 2721 ex

670 2729 899 2778 consensu
932 2734 982 2780 in
1008 2735 1262 2794 personam
1289 2738 1427 2784 unde.
1514 2754 1569 2792 2,
1604 2755 1625 2792 5
1648 2771 1661 2792 ‚
1700 2749 1720 2784 8

607 2791 695 2855 Jus
721 2793 935 2843 divinum
965 2797 1155 2858 duplex.
1199 2813 1218 2845 1
1240 2833 1254 2856 ,
1283 2815 1301 2846 1
1321 2835 1334 2855 ‚
1367 2817 1438 2857 15.
1471 2802 1725 2864 quomodo

669 2856 859 2906 differat
889 2877 914 2907 a
949 2864 1169 2912 naturali.
1212 2877 1231 2909 1
1252 2896 1266 2918 ,
1305 2880 1327 2911 r
1354 2899 1367 2920 ‚
1392 2882 1462 2914 10.
1500 2865 1625 2912 unde
1647 2882 1723 2913 or·

665 2934 805 2980 tum,
842 2928 892 2974 ὅ(
931 2943 1010 2973 cur
1045 2927 1200 2974 homo
1238 2930 1280 2974 ei
1321 2928 1540 2978 subditus,
1571 2937 1719 2994 proleg.

656 3002 760 3051 paz.
818 3005 892 3037 10.
938 2992 1189 3055 perfeffius
1238 2993 1338 3040 alio
1394 2996 1594 3042 nomine
1646 2998 1722 3043 lex

669 3055 949 3115 euangelica
983 3071 1195 3107 vocatur.
1227 3072 1279 3113 1,
1312 3074 1332 3111 3
1356 3093 1371 3115 ‚
1409 3077 1449 3113 3.
1475 3075 1533 3106 eo
1559 3075 1724 3106 omnes

669 3131 840 3179 gentes
867 3135 1100 3169 tenentur.
1132 3136 1150 3168 ι
1174 3155 1187 3177 ,
1208 3136 1226 3166 1
1246 3156 1258 3178 ,
1282 3138 1356 3176 15.
1376 3128 1425 3174 ὅ(
1455 3140 1626 3171 omnes
1654 3139 1719 3168 re-

668 3197 766 3243 ges.
791 3198 808 3228 1
830 3217 844 3240 ‚
866 3201 883 3237 3
907 3219 921 3240 ‚
951 3200 1023 3233 10.
1048 3187 1211 3249 quoad
1245 3183 1437 3237 effeetus
1473 3187 1728 3249 quosdam.

667 3262 696 3301 3
715 3280 733 3302 ,-
766 3262 790 3302 7
812 3283 827 3303 ,
861 3255 904 3295 6.
943 3251 1174 3298 eminenS.
1199 3268 1223 3296 z
1241 3286 1254 3306 ‚
1276 3268 1294 3305 3
1316 3287 1329 3307 ‚
1350 3270 1419 3305 19.
1455 3262 1722 3297 externum.

670 3320 797 3366 3',18
823 3330 870 3367 ,r
892 3349 905 3369 ,
935 3330 978 3362 2.
1018 3314 1151 3377 quod
1179 3313 1311 3374 quafi
1340 3331 1397 3360 ex
1430 3310 1725 3369 fidejuffione

667 3389 757 3436 pro
793 3378 1002 3424 civitate.
1044 3390 1106 3432 ς’,
1144 3392 1192 3429 13
1225 3411 1240 3432 ‚
1281 3392 1323 3425 1.
1357 3392 1456 3424 non
1486 3389 1588 3422 tam
1625 3379 1724 3423 late

665 3453 802 3501 patet
845 3456 994 3504 quam
1037 3442 1087 3489 id
1133 3439 1265 3502 quod
1299 3456 1358 3489 ex
1393 3441 1589 3488 defleto.
1658 3457 1720 3494 3,

1568 3519 1657 3561 14,
1696 3520 1720 3549 2

606 3562 692 3630 Jus
717 3569 934 3629 gentium
969 3568 1100 3630 quid,
1138 3585 1196 3624 r,
1231 3584 1285 3624 r,
1316 3588 1361 3626 4.
1392 3569 1534 3615 unde.
1567 3574 1716 3631 proleg.

661 3645 757 3693 pag.
800 3650 872 3684 11.
924 3634 1054 3681 aliud
1090 3635 1305 3681 naturale
1332 3669 1345 3687 ,
1389 3634 1518 3680 aliud
1550 3635 1721 3679 volun·

666 3697 856 3746 tarium.
893 3713 911 3745 1
937 3704 1232 3757 ‚2,4.&z‚
1258 3708 1313 3751 8,
1337 3714 1375 3745 1.
1403 3700 1512 3750 δα,
1540 3707 1721 3752 12‚26.

604 3793 607 3798 -
663 3761 721 3806 ἃ.
744 3777 763 3813 3
785 3794 798 3815 ‚
820 3776 838 3806 1
860 3796 872 3815 ‚
900 3773 940 3809 3.
975 3765 1161 3825 proprie
1192 3764 1389 3818 dicitur,
1425 3762 1556 3824 quod
1580 3761 1725 3809 habet

664 3826 777 3870 vim‘
796 3826 919 3886 pasti
948 3828 1066 3874 inter
1099 3841 1296 3891 ἔειπες,
1337 3830 1386 3875 ὅ(
1415 3826 1549 3890 quod
1578 3827 1720 3890 perti-

664 3899 748 3935 net
777 3888 835 3934 ad
859 3889 1148 3945 societatem,
1191 3909 1217 3940 2
1235 3927 1248 3948 ,
1267 3903 1289 3939 8
1309 3926 1322 3946 ‚
1346 3906 1386 3939 1.
1423 3893 1581 3939 minus
1613 3906 1718 3953 pro-

665 3953 766 4016 prie
791 3953 963 4002 dicitur
989 3956 1119 4016 quod
1157 3958 1320 4004 multis
1354 3957 1549 4018 quidem
1587 3970 1723 4002 com-

665 4032 814 4065 mune
857 4017 948 4071 est,
989 4033 1090 4064 non
1125 4030 1289 4067 tamen
1324 4022 1545 4070 humanat
1578 4019 1723 4067 socie-

660 4084 775 4128 t'aris
795 4081 1035 4130 vinculum
1063 4083 1320 4131 constituit.
1359 4102 1385 4131 2
1409 4120 1421 4141 ‚
1453 4098 1473 4134 8
1493 4121 1507 4143 ,
1543 4094 1618 4134 26.
1656 4085 1725 4132 di·

664 4146 789 4198 citur·
831 4148 906 4210 jus
950 4147 1091 4200 civile
1128 4148 1445 4212 plurimarum
1492 4150 1726 4216 gentium-

1815 607 1915 655 ibid.
1966 608 2036 665 ius
2072 605 2285 668 gentium
2328 599 2493 652 <licitur
2522 595 2572 645 id
2605 592 2735 659 quod
2767 592 2857 674 fin..

1819 673 1942 732 gulis
1966 670 2184 735 gentibus
2210 671 2382 732 placuit
2398 701 2414 725 ,
2444 664 2541 713 fine
2566 675 2725 736 mutui}
2744 660 2861 711 obli-

1821 737 2035 797 gadone,
2053 739 2100 784 δε
2130 736 2257 796 quod
2287 747 2498 782 mutuam
2519 726 2858 789 obligationem

1823 801 2055 849 continet.
2099 817 2156 855 3,
2195 815 2210 845 1
2236 834 2248 855 ‚
2279 811 2320 848 8.
2358 797 2480 845 unde
2508 792 2737 865 probatur.
2770 806 2861 853 pro-

1818 868 1896 925 leg.
1933 882 2024 928 pag.
2077 880 2152 912 22.
2197 866 2275 924 qui
2322 864 2471 911 violat
2511 860 2581 919 jus
2626 857 2860 932 divinum!

1823 931 2002 976 violare
2035 944 2112 975 cur
2150 927 2345 977 dicatur.
2383 944 2408 975 2
2430 962 2445 983 ‚
2481 941 2571 980 20,
2606 940 2683 994 44.
2719 935 2860 982 punit!

1824 994 1976 1053 potest
2008 1010 2032 1040 a
2060 994 2229 1055 quovis
2258 1007 2381 1054 rege·
2401 1003 2478 1038 aut
2505 984 2788 1056 magistrum.
2814 1003 2837 1033 z
2855 1023 2867 1044 ,

1824 1074 1883 1105 20
1901 1094 1914 1115 ,
1947 1078 2026 1119 40.
2061 1062 2111 1105 ὃ(
2143 1076 2166 1105 2
2185 1093 2199 1114 ,
2217 1072 2270 1105 21
2292 1088 2308 1112 2
2334 1072 2374 1111 3.
2393 1050 2572 1104 etiamsi
2607 1050 2786 1097 deditus
2809 1048 2859 1100 sit

1827 1138 1906 1171 aut
1933 1124 2163 1186 captivus.
2620 1133 2640 1169 3
2665 1149 2679 1169 ‚
2716 1126 2764 1160 ιι
2785 1149 2798 1170 ,
2834 1125 2858 1163 6

1766 1187 1846 1250 Jus
1887 1189 2102 1236 naturale
2136 1202 2196 1234 an
2231 1183 2287 1233 stt
2336 1182 2547 1246 aliquod.
2592 1185 2736 1243 prolcg.
2781 1194 2858 1243 pag,

1832 1270 1874 1309 5.
1911 1253 2028 1311 quid
2057 1252 2132 1301 fit.
2173 1267 2191 1297 1
2218 1285 2231 1307 ,
2262 1267 2315 1306 1,
2357 1264 2429 1297 ιο.
2467 1252 2515 1297 &
2548 1259 2858 1301 2⁷20,5.un-

1830 1318 1890 1364 de
1915 1317 1987 1367 fit.
2009 1321 2162 1381 proleg.
2189 1330 2278 1378 pag.
2301 1332 2344 1371 7.
2365 1328 2460 1360 non
2489 1306 2858 1381 confundenflum

1830 1397 1939 1431 cum
1989 1386 2086 1441 iure
2131 1381 2256 1428 civili
2297 1378 2601 1441 plurimarum
2645 1384 2854 1437 gentium.

1827 1463 1854 1495 2
1872 1482 1885 1503 ,
1924 1465 1983 1497 20
2002 1485 2015 1505 ‚
2050 1463 2129 1507 41.
2149 1446 2306 1508 quaeei
2335 1442 2424 1490 (int
2449 1441 2703 1489 contraria.
2726 1441 2853 1499 proleg.

1819 1527 1909 1575 pag.
1933 1523 1954 1561 8
1975 1549 1987 1569 ‚
2024 1530 2067 1565 9.
2105 1511 2272 1559 dicitur
2301 1507 2561 1568 aliquando
2593 1502 2855 1575 coniuetudo

1829 1579 1902 1625 cui
1929 1578 2051 1625 ratio
2085 1573 2312 1623 naturalis
2337 1570 2468 1621 inest.
2502 1588 2521 1626 3
2544 1605 2557 1628 ,
2575 1586 2600 1625 7
2620 1605 2633 1627 ‚
2651 1585 2690 1622 5.
2711 1565 2853 1614 dicitur

1830 1645 1880 1691 &
1910 1642 2121 1689 divinum
2139 1677 2150 1697 ‚
2181 1655 2279 1699 quo
2309 1637 2454 1685 sensu.
2498 1651 2518 1683 1
2540 1670 2553 1691 ,
2576 1651 2593 1681 1
2614 1670 2626 1689 ,
2643 1632 2854 1703 10.&·1‚

1838 1722 1856 1753 1
1879 1741 1893 1763 ,
1912 1722 1982 1762 15.
2019 1706 2270 1769 quomodo
2294 1717 2319 1748 a
2352 1706 2448 1762 iure
2474 1700 2688 1763 gentium
2715 1693 2853 1769 distr-n-

1829 1785 2013 1833 guatur.
2054 1775 2202 1835 proleg.
2233 1784 2326 1831 pag.
2366 1784 2444 1814 22.
2484 1779 2583 1812 non
2622 1776 2778 1809 omma
2808 1775 2855 1805 η-

1831 1837 1918 1883 rita
1943 1836 2059 1884 facit
2087 1851 2188 1896 quae
2222 1837 2263 1880 ei
2301 1840 2582 1893 repugnant.
2620 1842 2645 1872 2
2664 1860 2677 1881 ‚
2701 1842 2732 1900 ,ς
2753 1860 2764 1880 ,
2797 1837 2859 1896 rc.

1831 1901 2025 1964 quando
2065 1900 2245 1947 irritum
2286 1897 2399 1959 quid
2443 1890 2622 1941 reddat.
2652 1893 2750 1939 ilud.
2781 1903 2857 1936 mi·

1833 1966 1912 2012 nui
1944 1964 2097 2029 potest
2134 1981 2161 2011 a
2194 1971 2302 2013 Deo
2343 1976 2422 2025 per
2452 1959 2600 2030 leges.
2642 1972 2698 2010 2,
2728 1967 2854 2008 1‚ro.

1831 2031 1932 2076 imo
1959 2031 2249 2077 contrarium
2284 2025 2397 2089 quid
2425 2037 2553 2084 pom.
2578 2036 2620 2076 1,
2638 2035 2693 2075 2,
2712 2036 2748 2074 5.
2765 2031 2854 2062 mu-

1832 2095 1920 2141 tari
1950 2094 2145 2156 nequit,
2178 2109 2248 2142 res
2277 2103 2442 2138 tamen
2472 2096 2724 2133 mutantur.
2755 2095 2799 2135 1,
2819 2095 2856 2133 ’,ι

1838 2172 1913 2207 10.
1963 2158 2268 2207 obliteratum
2313 2151 2443 2217 quafi
2489 2165 2545 2196 ex
2590 2159 2724 2222 parte
2750 2142 2858 2205 apud

1832 2224 2012 2272 multos
2039 2225 2258 2285 populos.
2287 2237 2307 2275 3
2332 2256 2346 2276 ‚
2366 2237 2389 2265 2
2408 2251 2422 2273 ,
2443 2234 2482 2266 2.
2502 2213 2685 2287 obligat
2712 2221 2864 2281 omnes

1836 2303 1984 2352 reges,
2028 2304 2045 2335 1
2067 2323 2079 2343 ‚
2119 2302 2172 2344 3,
2203 2297 2274 2334 16.
2312 2279 2581 2330 contra-«stus
2607 2284 2868 2323 innomina-

1836 2366 1913 2400 tos
1938 2368 1963 2398 a
1992 2352 2252 2410 nominatis
2280 2363 2379 2394 non
2409 2342 2659 2405 distinguit.
2696 2356 2718 2384 2
2747 2369 2761 2392 ,
2797 2349 2870 2389 η,

1845 2434 1886 2469 3.
1925 2418 2168 2481 religionis
2195 2412 2442 2461 digerimen
2470 2409 2763 2474 ignotam-2,
2797 2412 2875 2470 {52¹

1839 2488 1885 2530 8.
1922 2482 2051 2528 aliud
2081 2495 2256 2528 novum
2288 2475 2382 2529 est,
2417 2472 2542 2520 aliud
2576 2471 2771 2532 sequitur
2803 2477 2873 2507 tn-

1834 2545 2104 2592 trodustum
2133 2541 2415 2590 dominium.
2452 2552 2480 2585 2
2497 2572 2509 2591 ,
2528 2546 2549 2583 8
2567 2568 2580 2590 ,
2600 2548 2641 2581 1.
2676 2530 2768 2603 hoc
2794 2539 2871 2599 an.-

1836 2609 2010 2657 tecedit
2035 2612 2191 2672 legem
2221 2606 2429 2655 civilem.
2462 2604 2557 2648 ibzd.
2596 2598 2654 2643 de
2688 2608 2742 2641 ns
2784 2602 2870 2651 agit

1838 2687 1940 2735 quae
1969 2673 2227 2721 voluntatis
2261 2671 2479 2717 humanm
2518 2662 2676 2709 abtum
2716 2652 2866 2729 conse·

1838 2751 2055 2798 quantur.
2090 2753 2108 2782 1
2130 2773 2142 2793 ,
2162 2752 2181 2783 1
2203 2770 2217 2791 ‚
2242 2751 2312 2780 ιο.
2349 2729 2430 2788 qui
2457 2729 2525 2797 ius
2550 2720 2766 2768 naturale
2791 2731 2866 2765 ›m-

1835 2802 2039 2850 maniter
2085 2802 2234 2847 violat
2284 2808 2310 2839 a
2350 2802 2519 2849 quovis
2553 2799 2667 2847 rege
2709 2794 2786 2829 aut
2821 2795 2865 2827 eo

1835 2868 1916 2929 qui
1943 2882 2023 2928 par
2049 2867 2117 2921 jus
2143 2857 2283 2905 habet
2315 2850 2462 2912 puniri
2490 2849 2659 2912 potest.
2696 2863 2717 2891 2
2736 2878 2750 2901 ‚
2787 2858 2859 2919 3⁰⁴¹

1832 2950 1912 2988 40·
1940 2924 2215 2974 naturaliter
2243 2917 2390 2964 etiam
2416 2928 2441 2960 a
2467 2914 2634 2976 quovis
2667 2909 2858 2983 homme.

1844 3011 1862 3046 3
1887 3026 1900 3046 ‚
1919 3007 2001 3043 19,
2026 3004 2064 3039 3.
2091 2985 2199 3045 juris
2233 2978 2454 3029 naturalis
2486 2988 2857 3044 communionem

1832 3054 2012 3100 habent
2040 3065 2210 3097 omnes
2242 3043 2487 3099 homines,
2518 3041 2662 3087 etiam
2692 3052 2855 3100 tyranni

1837 3121 1885 3165 &
1920 3115 2093 3177 piratae.
2129 3129 2148 3166 3
2172 3150 2183 3170 ‚
2220 3129 2304 3166 19,
2342 3125 2386 3155 2.
2423 3105 2620 3166 aliquod
2646 3104 2738 3150 esse
2756 3101 2860 3175 unde

1831 3179 2158 3227 concludatur.
2181 3193 2198 3224 1
2220 3211 2234 3234 ,
2251 3192 2269 3222 1
2291 3210 2303 3230 ,
2326 3189 2398 3220 12.
2427 3171 2642 3234 quaedam
2677 3166 2856 3215 manife-

1832 3245 1899 3292 sta
1924 3279 1936 3300 ‚
1972 3245 2188 3303 quaedam
2223 3242 2378 3287 minus
2409 3235 2526 3283 sunt.
2566 3250 2590 3280 2
2615 3269 2629 3290 ,
2664 3249 2723 3279 20
2750 3265 2764 3286 ,
2793 3245 2854 3284 45·

1830 3308 2047 3369 quaedam
2078 3308 2183 3368 iuris
2209 3302 2433 3353 naturalis
2461 3300 2778 3363 praecipientrs.
2811 3310 2851 3347 2,

1833 3391 1855 3426 3
1879 3408 1891 3429 ,
1909 3392 1950 3429 5·
1982 3372 2112 3436 quod
2140 3368 2331 3433 requirit
2357 3379 2453 3412 non
2480 3362 2729 3434 tantumid
2746 3355 2853 3421 quoe}

1834 3439 1981 3485 distat
2018 3436 2191 3493 justitia
2225 3430 2454 3495 expletrix
2481 3464 2495 3486 ‚
2527 3425 2605 3476 sed
2650 3429 2700 3476 δε
2747 3419 2848 3495 quod

1835 3503 1938 3550 aliae
1966 3502 2173 3549 virtutes.
2215 3518 2237 3548 2
2255 3534 2268 3554 ,
2301 3512 2404 3552 1‚9.
2440 3493 2662 3554 quaedam*
2686 3499 2846 3551 permit·

1836 3567 1979 3615 tentis
1999 3602 2012 3622 ,
2065 3565 2112 3612 id
2153 3563 2216 3612 est
2241 3579 2294 3611 ea
2321 3575 2422 3625 quae
2451 3556 2648 3606 societas
2670 3556 2846 3602 humana

1836 3632 2023 3694 proprie
2049 3644 2148 3677 non
2177 3627 2381 3692 requirit.
2419 3640 2476 3680 2,
2513 3639 2571 3679 3,
2611 3638 2653 3678 5.
2689 3635 2747 3666 an
2773 3628 2852 3688 q¹3²

1837 3698 1974 3754 hujus
2014 3694 2123 3756 juris
2161 3693 2261 3742 sunt
2296 3691 2444 3739 etiam
2482 3705 2510 3736 a
2548 3693 2656 3735 Deo
2687 3692 2857 3747 permit·

1835 3773 2024 3816 tantur,
2059 3758 2140 3822 qui
2176 3759 2267 3822 ipsa
2309 3755 2372 3804 est
2399 3766 2584 3800 natura.
2625 3770 2683 3805 2,
2719 3758 2860 3818 μισ.

1837 3825 2061 3874 consensu
2113 3822 2357 3872 communi
2402 3831 2481 3865 aut
2522 3820 2622 3876 jure
2664 3819 2862 3880 gentium

1840 3888 2029 3954 poffunt
2053 3888 2283 3952 impediri.
2303 3905 2329 3935 2
2350 3919 2365 3941 ,
2404 3899 2426 3938 3
2446 3917 2461 3939 ‚
2499 3898 2569 3932 ιο.
2604 3885 2706 3951 lege
2727 3880 2862 3919 emm

1841 3957 1998 4004 civilio·
2023 3969 2050 4001 2
2068 3990 2081 4011 ,
2120 3971 2139 4009 3
2162 3990 2176 4011 ,
2216 3973 2256 4010 5·
2294 3949 2513 4015 quaedam
2540 3936 2834 4016 propneusunt
2851 3963 2865 3985 ‚

1841 4021 2056 4084 quaedam
2084 4017 2334 4066 reduffive.
2361 4031 2380 4061 1
2402 4047 2414 4069 ‚
2432 4028 2452 4059 1
2476 4047 2491 4069 ,
2512 4027 2586 4061 ιο.
2607 4009 2863 4072 principium

1842 4085 1911 4133 est
1956 4085 2154 4133 facultas
2199 4080 2397 4131 moralis
2423 4112 2437 4134 ‚
2472 4090 2581 4125 curn
2626 4060 2867 4118 suffimenta:

1841 4152 2104 4203 voluntate.
2139 4164 2239 4210 225
2261 4182 2276 4210 ι
2297 4158 2371 4204 10'·
2400 4157 2504 4209 (Ρη
2529 4135 2634 4204 imis
2660 4125 2873 4241 nasus&
