3182 5113
1336 350 1393 397 ’.δ’

1569 406 2204 479 INDEX&

788 516 1072 567 stxistiorem
1102 516 1284 566 sensum
1311 514 1540 564 admittit.

786 650 903 710 pulo
933 648 1120 697 delatis,

723 712 964 774 Adscxipti
992 713 1159 778 glebae.

724 780 930 830 'Adulter
975 782 1028 830 ὃ(
1083 781 1301 829 adultexa
1360 777 1423 826 ad
1468 792 1618 842 quam
1663 776 1832 824 testitu-

783 846 974 893 tionem
996 857 1263 895 teneantur.
1621 859 1666 897 2,
1685 858 1763 900 27,
1784 859 1834 899 15

722 909 1033 960 Adulterium
1094 913 1244 961 etiam
1303 907 1505 957 accusati
1559 908 1612 954 in
1666 921 1831 954 concu-

785 973 901 1024 bina
942 975 1122 1036 potest,
1170 995 1216 1032 2,
1267 992 1312 1031 ς,
1349 988 1422 1030 15.
1458 971 1704 1020 committi
1735 989 1838 1019 cum

780 1040 1058 1102 alienigena
1097 1039 1247 1104 Judaei
1286 1054 1390 1086 non
1413 1038 1638 1094 exedunt,
1676 1052 1723 1091 2,
1764 1052 1835 1092 19,

785 1120 833 1152 1.
898 1119 989 1152 nec
1042 1122 1152 1155 cum
1208 1103 1426 1166 Tyxanni
1467 1117 1617 1151 uxore
1674 1102 1833 1164 aliqui.

776 1172 879 1220 ibid.
909 1169 1194 1221 committit
1235 1167 1517 1216 adultetium
1556 1167 1666 1229 lege
1692 1180 1831 1214 euan-

780 1235 980 1298 gelica,
1041 1237 1123 1298 qui
1165 1248 1366 1282 uxorem
1414 1247 1514 1279 non
1566 1232 1831 1279 adulteram

776 1298 994 1362 :repudiat
1054 1313 1135 1349 aut
1188 1299 1397 1347 divottio
1456 1294 1699 1344 dimissam
1747 1296 1828 1344 du-

776 1366 863 1416 cit.
908 1380 957 1418 2,
1016 1382 1062 1424 5,
1120 1382 1165 1418 9.
1235 1363 1314 1413 Ad
1373 1362 1654 1420 injustitiam
1694 1363 1831 1422 perti·

778 1443 863 1476 net
904 1430 1037 1491 quod
1082 1429 1139 1478 fit
1180 1445 1239 1478 ex
1285 1427 1518 1483 libidine,
1563 1433 1614 1476 &
1658 1425 1836 1487 injusti·

780 1495 904 1542 tiam
960 1496 1178 1544 continet
1225 1509 1372 1558 pxope
1417 1495 1716 1548 maximam,
1777 1509 1831 1547 2,

779 1575 869 1616 20,
926 1575 1006 1613 30.
1049 1575 1099 1608 ut
1142 1562 1364 1625 puniatut
1407 1574 1567 1608 morte
1601 1559 1680 1606 lex
1708 1570 1837 1604 vetus

777 1626 905 1672 Noae
939 1624 1070 1674 data.
1649 1638 1694 1678 1,
1731 1639 1775 1677 2,
1815 1640 1831 1676 ς

709 1686 923 1738 'Adulter
971 1695 1020 1743 ὅ(
1068 1690 1283 1738 adultera
1332 1689 1543 1739 divortio
1573 1688 1730 1751 potius
1764 1687 1828 1732 di-

783 1752 993 1803 mittitur
1039 1770 1067 1801 a
1111 1755 1388 1804 Chtistiano
1439 1769 1589 1815 quam
1634 1754 1833 1821 punitug.

783 1833 843 1873 3>
901 1836 962 1866 20
993 1855 1009 1877 ,
1072 1833 1146 1868 10.
1238 1822 1283 1869 Si
1327 1820 1571 1868 occidatut
1619 1815 1834 1879 petmissu

778 1881 905 1943 legis
933 1918 948 1940 ,
1030 1883 1333 1933 occidentem
1388 1883 1639 1933 homicidii
1709 1896 1837 1928 teum

779 1944 904 1992 facit
968 1962 1134 1997 coram
1190 1955 1315 1999 Deo,
1376 1968 1436 2005 2,
1496 1965 1590 2003 20,
1639 1962 1710 1998 17·
1782 1952 1833 1993 ln

783 2024 1025 2073 quantum
1072 2027 1288 2063 teneatut
1322 2016 1521 2075 conjugi
1562 2015 1614 2061 ὅ(
1664 2007 1834 2056 liberis.

1627 2091 1674 2130 2,
1699 2090 1833 2130 πως

712 2137 1002 2190 'Advocatiae
1029 2141 1117 2198 ius,
1563 2155 1608 2196 1,
1626 2155 1671 2194 3,
1690 2155 1742 2186 21
1766 2173 1780 2195 ,
1812 2158 1830 2193 3

720 2204 859 2253 AEdes
910 2206 1187 2256 comburere
1227 2205 1426 2271 quando
1461 2204 1596 2251 nefas
1642 2205 1690 2250 in
1735 2203 1832 2250 bel-

779 2271 853 2319 lo.
891 2285 934 2328 3,
981 2279 1056 2327 12,
1094 2290 1138 2319 2.
1175 2273 1267 2333 Qui
1306 2269 1588 2317 comburunt
1623 2269 1683 2315 ad
1722 2269 1833 2330 quid

780 2346 1038 2383 teneantur
1080 2336 1254 2394 iustitia
1293 2338 1496 2383 intetna.
1535 2350 1555 2386 3
1580 2369 1597 2390 ‚
1653 2343 1704 2380 18
1730 2368 1743 2389 ,
1789 2345 1828 2385 6,

777 2401 874 2462 Qi
929 2401 1119 2448 diruunt
1164 2401 1212 2450 in
1271 2397 1407 2447 bello
1461 2411 1624 2460 ptaetet
1678 2400 1826 2445 neces-

776 2461 1001 2522 fitatem,
1037 2466 1097 2514 ad
1125 2466 1241 2527 quid
1269 2478 1534 2512 teneantur.
1570 2479 1626 2518 3,
1665 2474 1717 2510 18
1739 2498 1753 2519 ‚
1788 2473 1829 2512 6.

769 2527 1050 2590 Pestilentes
1087 2529 1180 2579 effe
1218 2529 1542 2593 ptofitendum
1583 2542 1694 2577 cum
1723 2543 1833 2577 ven·

777 2592 969 2643 duntur.
1659 2611 1704 2650 2,
1723 2611 1792 2651 12,
1809 2614 1834 2649 9

715 2657 969 2708 AEdificate
1009 2660 1061 2708 in
1097 2660 1265 2708 littote
1302 2676 1365 2709 an
1401 2659 1543 2708 liceat
1584 2661 1636 2707 δε
1666 2675 1827 2722 quate-

777 2738 879 2773 nus.
1586 2740 1827 2782 2,2,15‚2

715 2787 987 2836 AEdificatio
1012 2789 1062 2837 in
1090 2788 1209 2838 mati
1232 2803 1311 2838 aut
1338 2790 1515 2838 littore.
1557 2803 1582 2834 z
1600 2823 1615 2845 ‚
1645 2806 1664 2843 3
1689 2824 1702 2845 ,
1728 2807 1775 2847 9,
1807 2809 1830 2838 2

718 2855 1053 2916 AEgyptiosum
1085 2854 1382 2917 polygamia.
1681 2871 1726 2910 2,
1747 2873 1835 2911 5‚9

684 2921 984 2978 *AEqualitas
1039 2920 1268 2982 exigendi
1318 2920 1367 2967 in
1420 2919 1670 2967 contraau
1717 2935 1833 2978 Qua·

777 2982 840 3030 lis
904 2986 1167 3049 tequitatut
1193 3019 1207 3042 ,
1273 2987 1324 3034 ὅ(
1385 2997 1546 3045 quate.
1618 3000 1680 3040 2,
1745 3000 1834 3040 122

1692 3064 1774 3104 11,
1813 3065 1831 3095 1

716 3113 985 3175 AEqualitas
1011 3115 1061 3164 in
1088 3113 1411 3164 contrafitibus
1455 3111 1682 3174 tequifita
1714 3126 1832 3173 quo-

782 3180 966 3239 tuplex.
1584 3192 1645 3230 2,
1684 3189 1772 3231 12,
1812 3185 1832 3221 8

716 3243 978 3306 AEqualitas
1016 3241 1082 3291 tei
1120 3242 1172 3290 in
1209 3236 1532 3290 contractibus
1563 3236 1737 3304 qualiS.
1783 3255 1839 3294 2,

1566 3319 1656 3360 η,
1693 3319 1781 3360 12,
1816 3318 1834 3349 1

723 3372 934 3436 AEquitas
982 3374 1032 3422 in
1078 3369 1277 3420 axbitxio
1318 3370 1478 3435 qualis
1522 3369 1834 3431 intelligatur.

1611 3450 1754 3490 3720,
1772 3448 1832 3492 47

718 3501 1052 3564 fflquivocatio
1090 3499 1291 3566 quando
1326 3500 1429 3550 flexi
1465 3494 1608 3563 poffit
1659 3496 1837 3560 absque

784 3582 1000 3627 peccato.
1621 3579 1665 3618 3,
1696 3578 1737 3617 1,
1779 3578 1836 3608 10

724 3631 1070 3693 AEquivocatiO.
1133 3648 1192 3689 3,
1242 3647 1263 3678 1
1298 3666 1313 3688 ,
1360 3646 1436 3681 10.
1491 3630 1587 3676 vide
1632 3628 1838 3675 'Locutio

751 3747 755 3753 ς
780 3695 1021 3759 ambigua.

723 3763 800 3806 AEs
838 3763 889 3810 &
936 3775 1099 3809 autum
1126 3760 1287 3810 diduci
1311 3757 1518 3827 poffunt.
1588 3777 1644 3819 2,
1684 3768 1738 3815 8,
1775 3773 1830 3808 21

724 3828 802 3871 AEs
841 3825 1057 3881 alienum
1111 3827 1315 3876 civitatis
1362 3826 1481 3874 facit
1529 3838 1632 3886 quo
1677 3825 1835 3872 minus

782 3891 865 3938 uni
911 3889 1109 3939 altetive
1155 3906 1213 3937 ex
1256 3892 1446 3939 civitate
1503 3890 1649 3938 liceat
1687 3887 1836 3937 disce·

781 3954 909 4006 dete.
969 3971 1016 4012 2,
1062 3971 1108 4011 5,
1168 3970 1244 4014 24.
1277 3955 1474 4004 donavit
1519 3954 1675 4004 Caesat
1709 3959 1832 4017 Dyt-

781 4019 1018 4081 1achinis‚
1094 4023 1147 4068 &
1201 4032 1301 4082 quo
1362 4022 1474 4082 jure.
1549 4035 1612 4079 3.
1670 4029 1727 4076 8,
1787 4040 1832 4079 4.

778 4080 961 4136 semifit
1033 4083 1314 4138 Alexandet
1380 4081 1621 4139 Theffalis
1689 4086 1835 4153 ,quod
1853 4065 1874 4205 J

1609 532 1635 563 2
1705 527 1764 564 16
1816 534 1841 570 9

721 584 959 646 Adoptivi
983 600 1084 633 non
1124 581 1372 633 succedunt
1410 582 1460 630 in
1503 549 1667 645 regnis,
1701 579 1725 628 ὲ
1755 552 1841 644 [30-

1884 4090 2009 4161 Am&

1939 515 2024 579 ipfi
2058 520 2298 571 Thebanis
2340 521 2631 585 debuetant‚
2688 531 2738 580 &
2778 546 2876 596 quo
2912 539 2976 594 iu-

1945 598 2007 633 re.
2881 606 2972 652 ibid„

1612 663 1660 703 2,
1690 663 1747 704 7,
1788 657 1838 693 16
1882 647 2147 698 AEstimatio
2189 652 2255 700 rei
2299 651 2354 700 fit
2390 667 2449 700 cx
2477 668 2538 701 eo
2578 658 2745 719 quanti
2766 664 2975 718 omnibus

1621 725 1668 767 2,
1706 728 1750 768 5³
1786 729 1842 767 30

1941 715 2147 774 valeret,
2203 721 2251 766 &
2288 733 2463 781 quare,
2509 733 2566 776 2,
2616 737 2703 780 12,
2752 738 2821 784 14.
2857 730 2975 781 futto

1940 777 2111 829 ablatae
2141 783 2394 844 quomodo
2426 782 2525 834 fiat.
2766 805 2812 845 2,
2832 806 2905 852 17,
2925 809 2973 845 16

1885 849 2008 891 AEtas
2032 845 2098 893 est
2127 848 2240 911 quid
2266 848 2530 911 pexsonale.
2702 867 2728 899 2
2746 885 2759 909 ,
2787 870 2833 912 7,
2861 871 2929 917 18,
2947 881 2968 913 2

1884 911 2149 961 AEtolosum
2178 928 2305 963 mosa
2771 936 2814 975 3,
2838 937 2963 982 20,3t

1884 973 2110 1026 Aftorum
2171 993 2282 1029 mos
2332 978 2455 1028 circa
2511 978 2735 1041 ptaedam.
2805 1002 2860 1041 3,
2923 1000 2970 1049 6,

2856 1066 2875 1098 1

1884 1100 2096 1152 Affthus
2153 1106 2233 1168 qui
2292 1103 2354 1152 ad
2411 1106 2664 1158 vitandum
2714 1072 2971 1165 malum4'03.

1945 1170 2124 1218 tiuntut
2184 1167 2338 1218 minus
2383 1174 2527 1229 mali,
2592 1189 2740 1238 quam
2784 1179 2861 1239 qui
2919 1188 2968 1235 ad

1942 1235 2299 1297 consequendas
2340 1237 2627 1298 voluptates,
2703 1256 2763 1293 2,
2801 1260 2883 1304 20,
2919 1265 2964 1302 31

1887 1302 2269 1362 Agamemnonis
2325 1303 2644 1361 juramentum
2690 1306 2751 1353 de
2795 1323 2843 1356 te
2889 1311 2967 1362 illi-

1941 1365 2050 1414 cita.
2766 1387 2810 1429 2,
2845 1388 2914 1432 13,
2950 1388 2969 1428 6

1884 1429 2074 1493 Agendi
2135 1431 2395 1494 impunitas
2455 1448 2557 1481 non
2613 1433 2767 1482 reddit
2823 1439 2967 1496 justam

1945 1495 2188 1545 afflonem
2212 1530 2226 1553 ‚
2275 1497 2439 1561 quoad
2475 1498 2702 1559 justitiam
2741 1499 2881 1550 etiam
2910 1507 2968 1553 in-

1947 1573 2150 1607 tetnam.
2772 1582 2818 1623 2,
2854 1586 2891 1623 5,
2921 1588 2966 1619 20

1889 1629 2014 1686 Aget
2067 1623 2222 1687 potest
2280 1625 2425 1671 vendi
2484 1627 2701 1676 mensura
2770 1635 2967 1681 nomina-

1950 1702 2043 1741 ta,
2108 1702 2209 1735 non
2257 1702 2423 1736 tamen
2464 1692 2524 1739 ad
2580 1691 2861 1746 mensutam.
2924 1719 2968 1758 ι,

2837 1771 2888 1817 8,
2923 1780 2965 1814 12

2415 1836 2470 1876 2,
2527 1837 2581 1878 3,
2650 1832 2721 1872 16.
2770 1824 2966 1874 immeta-

1949 1896 2036 1932 ως.
2075 1901 2133 1937 2,
2184 1900 2241 1940 2,
2282 1893 2324 1937 3.
2364 1898 2532 1932 „Annon
2574 1887 2829 1937 inundatus
2857 1927 2868 1948 ‚
2911 1895 2967 1942 vel

1949 1946 2176 2010 piscando
2216 1951 2443 1996 tetinetut
2482 1950 2531 1997 in
2571 1951 2866 2013 possessione.
2925 1974 2966 2015 2,

2861 2031 2899 2075 8,
2928 2038 2971 2068 10

1891 2081 2017 2139 Aget
2060 2076 2269 2139 privatus
2320 2078 2475 2141 magis
2531 2079 2600 2129 est
2651 2094 2703 2130 ut
2761 2084 2972 2132 amifinius

1947 2156 2045 2188 non
2068 2143 2297 2191 credatur.
2806 2164 2847 2201 2,
2868 2159 2906 2204 8,
2927 2166 2971 2197 12

1893 2208 2005 2269 Agit
2060 2207 2228 2264 injuste
2272 2224 2300 2256 a
2352 2222 2450 2269 quo
2504 2209 2650 2258 etiam
2710 2212 2971 2276 principium

1948 2271 2012 2318 est
2072 2272 2294 2323 aEtionis.
2342 2290 2365 2319 2
2396 2309 2409 2329 ‚
2471 2285 2569 2330 263
2615 2293 2659 2334 4.
2724 2278 2816 2337 Qi
2862 2280 2975 2340 quod

1944 2337 2198 2396 impetatur
2247 2337 2471 2400 injustum
2528 2336 2622 2386 effe
2681 2353 2843 2400 putat,
2907 2344 2979 2389 eti·

1950 2400 2066 2449 amsi
2101 2417 2202 2449 non
2241 2401 2331 2460 fit,
2378 2418 2518 2466 agere
2563 2420 2664 2451 non
2696 2404 2849 2456 debet.
2930 2424 2977 2463 z,

2843 2479 2925 2525 26,
2962 2488 2977 2525 3

1889 2537 2046 2596 Agros
2078 2530 2256 2581 vastate
2289 2533 2337 2580 in
2369 2530 2503 2582 bello
2535 2533 2733 2596 quando
2765 2535 2915 2584 nefas,
2948 2551 2982 2591 3,

2464 2613 2541 2653 12,
2578 2616 2623 2648 2.
2660 2600 2710 2645 &
2743 2614 2799 2654 3,
2835 2617 2924 2656 12,
2967 2620 2988 2656 4

1887 2662 2001 2725 Agri
2035 2661 2197 2719 diviti,
2246 2660 2341 2710 ssve
2382 2661 2599 2722 affignati
2639 2659 2732 2705 five
2762 2663 2979 2710 limitati:

1946 2726 2162 2775 mensura
2225 2722 2588 2785 compxehenfi,
2647 2724 2845 2773 arcifinii
2894 2726 2978 2775 five

1890 1823 2017 1880 Ager
2082 1816 2336 1867 arcifinius,

1944 2791 2254 2855 occupatorii.
2389 2845 2399 2864 ,
2498 2845 2511 2856 ·
2669 2804 2726 2843 2,
2767 2803 2810 2845 3,
2845 2800 2929 2847 16,
2965 2806 2980 2837 1

1889 2858 2003 2920 Agti
2061 2857 2186 2918 capti
2237 2863 2433 2913 quando
2495 2849 2843 2914 mtelligantur.
2922 2872 2941 2907 3
2966 2889 2977 2911 ,

2876 2926 2930 2973 6,
2959 2937 2980 2978 4

1888 2984 2002 3047 Agri
2030 2980 2154 3042 capti
2188 2975 2360 3041 publici
2385 2976 2519 3026 fiunt.
2658 2994 2677 3032 3
2698 3014 2712 3036 ,
2743 2990 2770 3026 6
2788 3016 2801 3036 ,
2840 2997 2891 3029 11
2913 3016 2926 3037 ,
2963 2997 2976 3028 1

1895 3048 2009 3111 Agri
2057 3043 2224 3107 capti:
2278 3043 2337 3091 de
2380 3041 2452 3089 his
2498 3040 2834 3103 Hebrae01u1n‚
2895 3050 2976 3092 La-

1950 3108 2380 3165 cedaemoniorum‚
2430 3109 2480 3157 ὃς
2517 3113 2852 3159 Romanorum
2889 3125 2976 3157 mos

1951 3179 1999 3224 ὅ(
2026 3173 2334 3222 consuetudo,
2695 3193 2739 3231 3,
2776 3184 2821 3231 6,
2858 3190 2926 3230 11,
2955 3193 2973 3221 z

1892 3240 2124 3304 Agricolae
2170 3240 2218 3285 in
2275 3238 2406 3286 bello
2449 3252 2475 3284 a
2516 3237 2716 3287 caedibus
2758 3237 2973 3287 immunes

1948 3301 2041 3352 esse
2084 3301 2274 3353 debent.
2354 3322 2412 3359 3,
2470 3317 2555 3359 11,
2619 3318 2690 3355 ιι.
2738 3319 2973 3367 eorumque

1949 3369 2111 3418 boves.
2144 3373 2238 3416 vide
2264 3374 2373 3416 Bos.

1890 3434 1950 3484 ad
1988 3443 2027 3483 A
2069 3435 2340 3483 ticultuxam
2367 3430 2597 3485 damnati.
2625 3437 2723 3484 vide
2758 3430 2968 3497 Adscxipti

1986 3501 2030 3549 le
2065 3516 2116 3549 ze.

1894 3516 2007 3630 Aggti
2041 3563 2213 3627 privati
2257 3559 2305 3612 in
2332 3560 2476 3611 dubio
2510 3578 2610 3614 non
2642 3564 2882 3613 densentur
2914 3577 2968 3609 at-

1950 3630 2114 3680 cifinii.
2666 3648 2724 3689 2,
2756 3641 2812 3687 8,
2850 3644 2924 3684 xz,
2952 3641 2963 3670 1

1894 3697 2012 3760 Agri
2069 3692 2373 3760 postliufinio'
2425 3694 2726 3757 recipiuntur.
2805 3711 2858 3751 3,
2926 3709 2969 3745 9,

2847 3773 2896 3810 13
2921 3789 2934 3812 2
2957 3766 2970 3797 ¹

1894 3827 2131 3892 Agricolis
2167 3823 2468 3888 parcendum.
2645 3829 2692 3883 3',
2721 3837 2769 3873 11
2789 3858 2801 3880 ‚
2844 3836 2892 3868 11
2910 3855 2923 3876 ,
2952 3830 2967 3862 1

1895 3899 2019 3957 Aget
2059 3898 2257 3941 Boeotus
2305 3889 2558 3940 secundum
2604 3891 2725 3939 fines
2770 3886 2975 3950 quiante

1952 3958 2133 4007 bellum
2161 3968 2293 4004 erant
2328 3955 2689 4023 intelligendus.
2754 3972 2808 4008 2,
2838 3957 2923 4004 16,
2953 3951 2974 3991 ⁶

1890 4023 2098 4086 Agesilai
2122 4022 2320 4077 dietumt
2713 4037 2764 4077 3,
2799 4032 2816 4064 1
2835 4021 2858 4070 ,⁴
2879 4018 2922 4069 6,
2953 4026 2973 4057 z
