3182 5113
169 474 675 563 §.xxvnxxvm
841 448 920 522 C
964 449 1029 520 A
1082 450 1141 521 P
1196 447 1270 547 U
1322 449 1395 520 T
1494 448 1673 522 XX.
2033 469 2184 545 597

179 587 380 646 dante:
419 594 514 643 aut
551 584 714 640 etiam
751 581 841 657 spe
879 597 1075 656 magna
1122 580 1178 636 in
1210 578 1523 652 posterum:
1569 577 1727 652 quod
1788 576 1959 636 causae
2006 593 2186 651 genus

180 679 316 723 tunc
354 664 591 726 maxime
625 657 886 728 sufficiet,
926 658 963 715 si
993 659 1137 731 ratio
1177 653 1314 728 legis
1351 653 1537 711 saltem
1563 656 1974 729 particulariter
2011 654 2182 711 cesset

179 732 234 799 in
277 742 420 799 facto
460 740 528 796 de
561 753 676 812 quo
706 738 899 810 agitur.
979 736 1126 792 Nam
1159 747 1477 804 quanquam
1519 734 1585 786 ad
1627 731 1993 789 sustinendam
2037 732 2180 805 legis

181 818 485 878 efficaciam
529 815 648 871 satis
693 816 828 877 esta
865 810 1007 869 ratio
1040 805 1360 866 universalis
1403 807 1516 863 sine
1558 811 1919 881 repugnantia
1962 821 2186 864 contra-

183 898 274 953 riae
316 893 578 963 rationi5‚
632 893 648 939 i
682 887 864 952 tamen
900 886 1126 945 cessatio
1157 883 1387 942 rationis
1409 926 1424 952 ‚
1471 882 1641 937 etiam
1669 900 1790 954 quae
1832 886 2183 956 particularis

186 971 263 1028 est
283 1017 298 1042 ,
324 970 498 1029 efficit
527 982 588 1026 ut
619 967 709 1025 lex
742 965 950 1031 facilius
982 963 1036 1020 &
1071 961 1287 1018 minore
1318 976 1448 1016 cum
1480 956 1689 1013 damno
1714 961 2055 1016 auctoritatis
2082 961 2185 1017 sol-

182 1050 239 1103 vi
273 1048 463 1123 poffit„
532 1044 595 1102 Id
638 1056 822 1108 antem
861 1041 1099 1104 maxime
1130 1037 1229 1093 usu
1268 1035 1429 1091 venit
1467 1034 1522 1089 in
1568 1034 1633 1089 iis
1671 1031 1883 1090 delictis
1926 1054 2044 1107 quae
2086 1054 2186 1107 per

184 1124 589 1197 ignorantiam,
627 1119 875 1195 quamvis
908 1117 1065 1190 culpa
1098 1112 1255 1170 omni
1291 1127 1407 1167 non
1443 1124 1725 1167 carentem
1748 1154 1763 1179 ,
1806 1122 1901 1166 aut
1940 1128 2038 1183 per
2075 1113 2189 1165 ani-

188 1202 264 1256 mi
298 1201 671 1256 infirmitatem
708 1194 1068 1270 superabilem
1103 1186 1330 1262 quidem
1370 1185 1459 1242 sed
1490 1202 1521 1240 4
1572 1185 1873 1243 difficulter
1905 1185 2182 1260 superabi-

186 1275 296 1332 lem
315 1321 329 1345 ,
373 1275 825 1332 committuntur:
868 1271 933 1327 ad
961 1287 1080 1342 quae
1115 1263 1452 1321 Christianus
1480 1262 1775 1320 hominum
1801 1265 1981 1320 rector
2007 1265 2177 1320 maxi-

187 1369 278 1408 me
308 1352 578 1426 respicere
602 1349 810 1415 debet,
852 1358 916 1403 ut
945 1348 1133 1404 Deum
1165 1337 1446 1407 imitetur,
1512 1337 1609 1411 qui
1637 1337 1694 1392 in
1725 1341 1906 1397 veteri
1950 1341 2179 1413 quidem

184 1428 377 1484 federe
409 1427 586 1483 multa
623 1425 748 1481 talia
782 1424 974 1481 hostiis
1019 1412 1351 1490 quibusdam
1381 1414 1594 1487 expiari
1626 1413 1826 1471 voluit.
1869 1418 2057 1473 Levit.
2092 1435 2179 1473 IV.

182 1501 235 1558 ἃ
269 1516 340 1559 ν.’
361 1517 415 1559 at
439 1504 494 1558 in
523 1520 678 1558 novo
710 1500 900 1559 federe
924 1493 1108 1554 verbis
1134 1487 1188 1544 δε
1212 1489 1481 1561 exemplis
1516 1491 1738 1546 testatus
1774 1491 1850 1547 est
1886 1491 1934 1546 se
1960 1491 2028 1548 ad
2057 1494 2185 1549 talia

184 1579 627 1651 resipiscentibus
659 1569 1032 1631 condonanda
1063 1564 1172 1624 esse
1200 1564 1438 1620 facilem.
1466 1568 1633 1623 Lucae
1660 1582 1868 1632 XXIII,
1891 1583 1978 1637 34.
1999 1571 2182 1626 Hebr.

189 1670 295 1716 Iv,
319 1667 402 1718 15.
445 1666 499 1716 v,
520 1666 571 1704 2.
621 1665 644 1704 I
674 1646 935 1704 Timoth.
961 1659 1010 1711 I,
1043 1656 1127 1709 13.
1170 1642 1244 1697 Et
1275 1640 1500 1714 quidem
1535 1642 1638 1697 illis
1668 1642 1870 1698 Christi
1903 1647 2049 1716 apud
2074 1649 2187 1707 Lu-
2237 1671 2239 1673 ·

184 1742 307 1782 cam
328 1726 524 1779 ‘verbis
542 1764 558 1790 ,
600 1719 834 1789 condo'na
867 1719 1001 1787 illis,
1037 1718 1236 1781 Pater,
1299 1720 1432 1789 quia
1483 1718 1722 1788 nestiunt
1765 1719 1898 1793 quid
1926 1715 2184 1790 faciant,

181 1800 217 1848 k
249 1798 547 1857 adductum
574 1793 963 1857 Theodosium
992 1805 1054 1849 ut
1076 1790 1454 1848 Antiochenis
1491 1792 1842 1865 ignosceret,
1889 1810 2053 1853 notat
2092 1799 2185 1874 J0-

182 1876 397 1933 hannes
428 1871 888 1946 chrysostomus.

253 1950 491 2007 XXVII.
533 1948 729 2019 Atque
761 1946 891 2001 hinc
924 1952 1152 2015 apparet
1176 1957 1343 2014 quam
1375 1943 1518 1999 male
1556 1960 1587 1991 a
1617 1945 2000 2004 Ferdfnandug
2041 1951 2178 2005 Vas,
2227 1979 2259 2008 a
2291 1963 2384 2008 Jib.
2407 1981 2463 2026 1,

181 2028 346 2101 quius
394 2026 641 2089 dixerit,
681 2021 874 2088 justam
909 2017 1123 2074 causam
1170 2015 1552 2088 dispensandi,
1598 2021 1651 2076 id
1684 2022 1763 2078 est
1793 2024 1918 2097 lege
1962 2024 2229 2082 solven-c·
2261 2037 2338 2083 46-

183 2104 277 2170 di,
319 2102 427 2158 effe
459 2117 580 2156 eam
612 2107 829 2158 tantum
862 2092 931 2149 de
964 2110 1075 2166 qua
1097 2093 1230 2165 legis
1267 2093 1455 2150 auctor
1479 2097 1764 2154 consultus
1799 2100 2053 2171 dixisset,
2083 2120 2181 2160 ex-

182 2191 265 2235 tra
302 2188 546 2232 mentem
570 2172 715 2228 suam
741 2170 848 2227 effe
883 2187 1003 2225 eam
1034 2167 1331 2224 observari.
1409 2170 1545 2226 Non
1576 2173 1823 2231 distinxit
1854 2178 2000 2233 enim
2037 2193 2057 2231 5
2099 2179 2179 2234 in-

183 2269 266 2311 ter
296 2252 585 2309 Evasimus,
626 2256 746 2319 quae
779 2247 961 2319 legem
998 2245 1429 2315 interpretatur,
1469 2244 1521 2300 ἃ
1552 2249 1697 2307 inter
1747 2252 2170 2309 relaxationem.

167 2326 348 2386 ‘Unde
389 2324 441 2380 &
475 2323 603 2379 alibi
640 2324 922 2380 Thornam
954 2318 1005 2374 &
1036 2320 1236 2375 Sotum
1269 2321 1670 2404 reprehendit,
1724 2323 1748 2369 b
1782 2329 1935 2397 quod
1985 2328 2173 2385 dicant
2223 2335 2366 2387 bLffi,
2401 2345 2465 2402 15

174 2413 205 2453 6
235 2404 419 2478 legem
448 2399 697 2471 obligare
730 2395 940 2453 etiamsi
968 2391 1128 2451 causa
1160 2393 1567 2466 particulariter
1590 2396 1758 2454 cesset
1777 2442 1794 2467 ,
1820 2403 1966 2471 quasi
1995 2405 2227 2477 legemc.
2251 2413 2326 2449 2⁶.
2367 2400 2425 2463 &x

2071 2480 2180 2538 effe
2191 2477 2230 2511 c.
2255 2473 2336 2520 46·

480 2648 525 2693 G
558 2656 595 2693 R
628 2655 662 2693 0
696 2654 733 2692 'r
764 2655 786 2693 1
817 2655 856 2693 1.
1197 2638 1413 2706 specialis
1440 2640 1613 2706 est‚ne
1643 2645 1755 2710 quis
1774 2646 1840 2698 ob
1869 2651 2176 2700 temerariam

709 2744 712 2746 Α
1175 2675 1349 2763 lrixam
1406 2719 1487 2753 aut
1544 2705 1785 2771 sperarum
1848 2708 2179 2762 commodum

236 2778 254 2826 i
287 2779 459 2824 Tamen
488 2769 1051 2831 ceffiztiorationissttiam
1065 2780 1151 2831 quae
1175 2768 1451 2816 ‘hominem
1483 2774 1716 2832 perimat:
1751 2774 1847 2822 haec
1872 2778 2004 2825 causa
2035 2776 2175 2825 cessa·

178 2839 468 2905 particularis
492 2835 579 2895 est,
611 2831 744 2891 ffcit
773 2847 820 2880 ω
860 2833 935 2879 lex
966 2833 1150 2889 facilius
1196 2829 1278 2878 bat
1317 2833 1368 2879 in
1400 2835 1630 2880 Horatio:
1680 2835 1881 2887 dolebat
1911 2844 2043 2888 enim
2077 2845 2170 2889 rei-

180 2904 237 2954 &
282 2906 443 2949 minore
501 2916 595 2945 cum
648 2894 811 2950 damno
867 2893 1394 3004 auft'oritatisppublicae
1430 2896 1622 2951 vicem,
1672 2901 1808 2957 cujus
1851 2902 2163 2965 hostisluge—

170 2970 290 3030 fhlvi
315 2961 470 3030 poffit]
501 2963 657 3011 Multa
684 2958 742 3007 ad
767 2958 889 3005 hanc
922 2972 1025 3005 rem
1052 2960 1148 3004 uti·
1228 2969 1358 3013 atur,
1394 2971 1557 3020 neque
1582 2960 1642 3006 de
1661 2959 1931 3011 hereditate
1949 2969 2162 3029 cogitare

180 3032 247 3078 lia
276 3023 507 3091 congessit
528 3024 778 3071 Gratianus
801 3018 936 3070 causa
958 3038 999 3070 ι.
1022 3036 1147 3086 quae-
1171 3023 1295 3067 itum
1322 3020 1522 3082 quidem
1552 3022 1628 3068 isli
1654 3025 1866 3071 vacabat.

182 3093 337 3141 stione
362 3101 457 3139 vn,
1247 3099 1277 3138 4
1309 3081 1912 3149 Difficulter—superabilem]
1957 3091 2162 3156 Qippe

243 3157 277 3202 k
309 3150 559 3203 Adduti‘um
576 3146 1145 3208 sseodqsiumJHis-‘toriam
1188 3160 1284 3192 non
1314 3145 1401 3193 nifi
1436 3159 1519 3209 per
1547 3162 1751 3210 magnos
1773 3155 1932 3213 vitos,
1966 3158 2052 3218 qui
2086 3157 2156 3202 af·

182 3219 296 3264 vide,
316 3214 444 3279 apud
460 3211 865 3270 Zonaram;(Lib.
881 3215 1142 3272 xnhcap.
1183 3207 1337 3257 fet-‘tus
1387 3207 1685 3258 domuerunt
1728 3214 1777 3260 δε
1819 3216 1869 3262 in
1911 3218 2155 3282 potestate

188 3290 261 3324 18.
282 3275 465 3324 Confer
492 3273 793 3335 quaeAuaor
819 3272 973 3320 adfert
1006 3273 1145 3328 infra,
1166 3248 1375 3320 lhabent.
1648 3291 1652 3294 ·

187 3342 297 3404 Cap.
327 3350 477 3387 xxiv.
511 3336 651 3394 hujus
670 3334 830 3392 Libri,
867 3336 971 3396 §.3.
1007 3352 1143 3385 num.
1249 3351 1269 3389 ς
1325 3338 1442 3383 Inter
1477 3335 1754 3394 tan-{mm
1798 3343 2120 3407 ⁴AEquitatern
2142 3379 2159 3404 ‚

192 3417 231 3451 χ,
265 3404 314 3449 in
341 3400 493 3460 Not.)
1188 3413 1290 3463 quae
1321 3395 1508 3462 semper
1531 3402 1649 3448 inest
1673 3405 1865 3466 iegi‚&
1895 3422 2044 3469 quam
2073 3422 2157 3453 ne-

1190 3457 1382 3509 ceffario
1409 3466 1546 3527 sequi
1582 3465 1722 3523 judex
1753 3466 1926 3526 debet,
1945 3469 2168 3517 &indul-

399 3528 444 3572 G
477 3534 516 3571 R
548 3534 582 3570 0
617 3533 655 3569 N
689 3533 723 3569 0
757 3535 791 3571 V
824 3537 843 3572 1
877 3535 916 3572 1.
1193 3526 1437 3587 gentiam,
1460 3541 1563 3588 quae
1592 3540 1761 3573 contra
1790 3530 1951 3590 legem
1978 3533 2164 3594 aliquid

634 3597 637 3599 “
1192 3590 1421 3651 largitur,
1458 3591 1505 3634 &
1532 3588 1588 3637 ad
1623 3604 1772 3653 quam
1805 3593 1949 3650 judex
1979 3609 2079 3642 non
2108 3611 2163 3642 o-

213 3698 218 3704 ,
252 3667 270 3705 3
311 3651 456 3699 Ratio
484 3646 770 3706 universalis]
805 3652 868 3695 Ut
894 3648 942 3694 in
960 3654 1170 3709 Horatii1
1193 3650 1413 3713 bligatur.

185 3715 308 3764 caede
331 3711 518 3760 sororis.
565 3712 714 3759 Ratio
741 3711 1009 3758 universalis
1033 3710 1172 3784 1eg13]
1253 3725 1277 3760 6
1314 3716 1467 3777 Legem
1501 3714 1738 3777 obligare]
1773 3717 1968 3766 Pastum
2004 3723 2166 3784 puniri

184 3780 246 3826 de
278 3776 543 3824 homicidio
588 3774 654 3820 est
691 3771 912 3821 securitas
941 3777 1147 3836 privato·
1168 3787 1172 3840 Ι
1195 3776 1354 3841 posse,
1405 3783 1629 3841 quamvis
1662 3781 1853 3826 nullum
1894 3781 1950 3828 fit
1979 3788 2166 3847 pericu-

183 3858 289 3889 rum
336 3857 359 3886 a
396 3839 589 3902 privatis
620 3837 666 3881 δε
709 3838 899 3897 privatae
932 3841 1293 3889 vindifitaesslum
1343 3841 1463 3901 rei,
1523 3840 1588 3887 ob
1625 3856 1774 3906 quam
1818 3844 1998 3892 fastum
2043 3847 2169 3896 illud

182 3903 510 3965 improbatio:
558 3915 613 3947 ea
637 3898 915 3965 sufficiebat
951 3901 1009 3946 ad
1038 3917 1146 3948 con-
1168 3895 1173 3955 l
1197 3901 1500 3968 prohibitum
1550 3904 1653 3963 est5
1703 3920 1759 3955 ut
1786 3907 1836 3955 in
1864 3915 2040 3958 Mauro
2077 3916 2166 3958 Ve-

182 3967 507 4016 demnandum
544 3964 820 4012 Horatium.
887 3965 976 4013 Sed
1023 3968 1326 4015 Iatiolneto.

1313 4032 1415 4093 (λς
1456 4045 1478 4084 3
1998 4039 2166 4087 me.
