<?xml version="1.0" encoding="UTF-8"?>
<!DOCTYPE html PUBLIC "-//W3C//DTD XHTML 1.0 Transitional//EN"
    "http://www.w3.org/TR/xhtml1/DTD/xhtml1-transitional.dtd">
<html xmlns="http://www.w3.org/1999/xhtml" xml:lang="en" lang="en">
 <head>
  <title>
</title>
<meta http-equiv="Content-Type" content="text/html;charset=utf-8" />
  <meta name='ocr-system' content='tesseract 3.04.00' />
  <meta name='ocr-capabilities' content='ocr_page ocr_carea ocr_par ocr_line ocrx_word'/>
</head>
<body>
  <div class='ocr_page' id='page_1' title='image "./huggrotiidejure00grongoog_1056.png"; bbox 0 0 3182 5113; ppageno 0'>
   <div class='ocr_carea' id='block_1_1' title="bbox 969 479 2977 570">
    <p class='ocr_par' dir='ltr' id='par_1_1' title="bbox 969 479 2977 570">
     <span class='ocr_line' id='line_1_1' title="bbox 969 479 2977 570; baseline 0.004 -20"><span class='ocrx_word' id='word_1_1' title='bbox 969 479 1115 558; x_wconf 81' lang='lat'><strong>980</strong></span> <span class='ocrx_word' id='word_1_2' title='bbox 1576 484 1649 558; x_wconf 92' lang='lat' dir='ltr'>L</span> <span class='ocrx_word' id='word_1_3' title='bbox 1693 485 1727 559; x_wconf 92' lang='lat' dir='ltr'>I</span> <span class='ocrx_word' id='word_1_4' title='bbox 1774 487 1835 558; x_wconf 80' lang='lat' dir='ltr'>B</span> <span class='ocrx_word' id='word_1_5' title='bbox 1884 486 1949 557; x_wconf 88' lang='lat' dir='ltr'>E</span> <span class='ocrx_word' id='word_1_6' title='bbox 1997 486 2081 561; x_wconf 88' lang='lat' dir='ltr'>R</span> <span class='ocrx_word' id='word_1_7' title='bbox 2180 488 2311 560; x_wconf 75' lang='lat'>111:</span> <span class='ocrx_word' id='word_1_8' title='bbox 2555 484 2977 570; x_wconf 69' lang='lat' dir='ltr'><strong>§.1.11&#39;.m&#39;.w3</strong></span> 
     </span>
    </p>
   </div>
   <div class='ocr_carea' id='block_1_2' title="bbox 700 620 2989 2726">
    <p class='ocr_par' dir='ltr' id='par_1_2' title="bbox 981 620 2972 852">
     <span class='ocr_line' id='line_1_2' title="bbox 982 620 2969 700; baseline 0.004 -24"><span class='ocrx_word' id='word_1_9' title='bbox 982 622 1192 691; x_wconf 87' lang='lat' dir='ltr'><strong>relat0‚</strong></span> <span class='ocrx_word' id='word_1_10' title='bbox 1236 632 1300 680; x_wconf 90' lang='lat' dir='ltr'><strong>ut</strong></span> <span class='ocrx_word' id='word_1_11' title='bbox 1332 622 1539 691; x_wconf 78' lang='lat' dir='ltr'><strong>sorteS,</strong></span> <span class='ocrx_word' id='word_1_12' title='bbox 1579 623 1753 699; x_wconf 74' lang='lat' dir='ltr'><strong>praelii</strong></span> <span class='ocrx_word' id='word_1_13' title='bbox 1781 625 2005 691; x_wconf 78' lang='lat' dir='ltr'><strong>exitu5‚</strong></span> <span class='ocrx_word' id='word_1_14' title='bbox 2048 626 2240 684; x_wconf 80' lang='lat' dir='ltr'>arbitri</span> <span class='ocrx_word' id='word_1_15' title='bbox 2290 620 2699 700; x_wconf 89' lang='lat' dir='ltr'><strong>pronuntiatio.</strong></span> <span class='ocrx_word' id='word_1_16' title='bbox 2742 638 2969 693; x_wconf 86' lang='lat' dir='ltr'><strong>quorum</strong></span> 
     </span>
     <span class='ocr_line' id='line_1_3' title="bbox 982 698 2972 773; baseline 0.003 -20"><span class='ocrx_word' id='word_1_17' title='bbox 982 698 1089 755; x_wconf 80' lang='lat' dir='ltr'><strong>illae</strong></span> <span class='ocrx_word' id='word_1_18' title='bbox 1123 716 1274 756; x_wconf 86' lang='lat' dir='ltr'><strong>mere</strong></span> <span class='ocrx_word' id='word_1_19' title='bbox 1308 702 1434 757; x_wconf 88' lang='lat' dir='ltr'><strong>sunt</strong></span> <span class='ocrx_word' id='word_1_20' title='bbox 1464 700 1745 773; x_wconf 74' lang='lat' dir='ltr'>fortuitae,</span> <span class='ocrx_word' id='word_1_21' title='bbox 1785 702 1891 758; x_wconf 86' lang='lat' dir='ltr'><strong>alia</strong></span> <span class='ocrx_word' id='word_1_22' title='bbox 1919 702 2033 760; x_wconf 89' lang='lat' dir='ltr'><strong>duo</strong></span> <span class='ocrx_word' id='word_1_23' title='bbox 2057 720 2089 760; x_wconf 83' lang='lat'>4</span> <span class='ocrx_word' id='word_1_24' title='bbox 2123 702 2306 761; x_wconf 87' lang='lat' dir='ltr'><strong>casum</strong></span> <span class='ocrx_word' id='word_1_25' title='bbox 2340 709 2655 772; x_wconf 87' lang='lat' dir='ltr'><strong>temperant</strong></span> <span class='ocrx_word' id='word_1_26' title='bbox 2693 713 2820 755; x_wconf 87' lang='lat' dir='ltr'><strong>cum</strong></span> <span class='ocrx_word' id='word_1_27' title='bbox 2856 701 2972 757; x_wconf 84' lang='lat' dir='ltr'><strong>viri-</strong></span> 
     </span>
     <span class='ocr_line' id='line_1_4' title="bbox 981 775 2679 852; baseline -0.001 -21"><span class='ocrx_word' id='word_1_28' title='bbox 981 775 1087 832; x_wconf 85' lang='lat' dir='ltr'><strong>bus</strong></span> <span class='ocrx_word' id='word_1_29' title='bbox 1120 777 1289 833; x_wconf 86' lang='lat' dir='ltr'><strong>animi</strong></span> <span class='ocrx_word' id='word_1_30' title='bbox 1322 787 1419 834; x_wconf 88' lang='lat' dir='ltr'><strong>aut</strong></span> <span class='ocrx_word' id='word_1_31' title='bbox 1448 781 1702 852; x_wconf 85' lang='lat' dir='ltr'><strong>corporis</strong></span> <span class='ocrx_word' id='word_1_32' title='bbox 1724 824 1740 849; x_wconf 87' lang='lat'><strong><em>,</em></strong></span> <span class='ocrx_word' id='word_1_33' title='bbox 1784 791 1880 836; x_wconf 86' lang='lat' dir='ltr'><strong>aut</strong></span> <span class='ocrx_word' id='word_1_34' title='bbox 1911 796 2040 836; x_wconf 90' lang='lat' dir='ltr'><strong>cum</strong></span> <span class='ocrx_word' id='word_1_35' title='bbox 2072 779 2342 838; x_wconf 83' lang='lat' dir='ltr'>facultate</span> <span class='ocrx_word' id='word_1_36' title='bbox 2373 775 2679 847; x_wconf 84' lang='lat' dir='ltr'><strong>judicante.</strong></span> 
     </span>
    </p>

    <p class='ocr_par' dir='ltr' id='par_1_3' title="bbox 1062 850 2975 929">
     <span class='ocr_line' id='line_1_5' title="bbox 1062 850 2975 929; baseline 0.003 -23"><span class='ocrx_word' id='word_1_37' title='bbox 1062 851 1132 909; x_wconf 79' lang='lat'><strong>11.</strong></span> <span class='ocrx_word' id='word_1_38' title='bbox 1175 855 1467 912; x_wconf 61' lang='lat' dir='ltr'><strong>Pactiones</strong></span> <span class='ocrx_word' id='word_1_39' title='bbox 1502 856 1678 925; x_wconf 87' lang='lat' dir='ltr'><strong>inire,</strong></span> <span class='ocrx_word' id='word_1_40' title='bbox 1718 874 1839 929; x_wconf 77' lang='lat' dir='ltr'><strong>quae</strong></span> <span class='ocrx_word' id='word_1_41' title='bbox 1877 855 2091 913; x_wconf 90' lang='lat' dir='ltr'><strong>bellum</strong></span> <span class='ocrx_word' id='word_1_42' title='bbox 2131 858 2348 922; x_wconf 88' lang='lat' dir='ltr'><strong>finiant,</strong></span> <span class='ocrx_word' id='word_1_43' title='bbox 2398 870 2594 910; x_wconf 88' lang='lat' dir='ltr'><strong>eorum</strong></span> <span class='ocrx_word' id='word_1_44' title='bbox 2631 850 2710 908; x_wconf 89' lang='lat' dir='ltr'><strong>est</strong></span> <span class='ocrx_word' id='word_1_45' title='bbox 2748 867 2975 923; x_wconf 87' lang='lat' dir='ltr'><strong>quorum</strong></span> 
     </span>
    </p>

    <p class='ocr_par' dir='ltr' id='par_1_4' title="bbox 700 913 2980 1158">
     <span class='ocr_line' id='line_1_6' title="bbox 700 913 2976 1027; baseline 0.002 -45"><span class='ocrx_word' id='word_1_46' title='bbox 700 930 763 1027; x_wconf 57' lang='lat' dir='ltr'><strong>s}</strong></span> <span class='ocrx_word' id='word_1_47' title='bbox 790 913 904 968; x_wconf 49' lang='lat' dir='ltr'><strong>Vde</strong></span> <span class='ocrx_word' id='word_1_48' title='bbox 984 928 1063 985; x_wconf 89' lang='lat' dir='ltr'><strong>est</strong></span> <span class='ocrx_word' id='word_1_49' title='bbox 1093 929 1304 988; x_wconf 86' lang='lat' dir='ltr'><strong>bellum</strong></span> <span class='ocrx_word' id='word_1_50' title='bbox 1339 948 1389 987; x_wconf 81' lang='lat' dir='ltr'><strong>a.</strong></span> <span class='ocrx_word' id='word_1_51' title='bbox 1431 932 1526 988; x_wconf 70' lang='lat' dir='ltr'><strong>rei‘</strong></span> <span class='ocrx_word' id='word_1_52' title='bbox 1548 934 1696 989; x_wconf 88' lang='lat' dir='ltr'><strong>enim</strong></span> <span class='ocrx_word' id='word_1_53' title='bbox 1731 932 1832 989; x_wconf 83' lang='lat' dir='ltr'><strong>suae</strong></span> <span class='ocrx_word' id='word_1_54' title='bbox 1859 933 2097 1007; x_wconf 84' lang='lat' dir='ltr'><strong>quisque</strong></span> <span class='ocrx_word' id='word_1_55' title='bbox 2130 933 2471 991; x_wconf 84' lang='lat' dir='ltr'>moderator.</span> <span class='ocrx_word' id='word_1_56' title='bbox 2543 926 2712 985; x_wconf 84' lang='lat' dir='ltr'><strong>Unde</strong></span> <span class='ocrx_word' id='word_1_57' title='bbox 2745 928 2976 999; x_wconf 86' lang='lat' dir='ltr'><strong>sequitur</strong></span> 
     </span>
     <span class='ocr_line' id='line_1_7' title="bbox 701 996 2977 1104; baseline 0.001 -46"><span class='ocrx_word' id='word_1_58' title='bbox 701 998 779 1092; x_wconf 48' lang='grc' dir='ltr'><strong>,ξρ</strong></span> <span class='ocrx_word' id='word_1_59' title='bbox 813 996 896 1104; x_wconf 58' lang='grc' dir='ltr'><strong>Ῑξ’</strong></span> <span class='ocrx_word' id='word_1_60' title='bbox 932 997 1133 1062; x_wconf 78' lang='lat' dir='ltr'><strong>“utin</strong></span> <span class='ocrx_word' id='word_1_61' title='bbox 1161 1008 1315 1065; x_wconf 90' lang='lat' dir='ltr'><strong>bello</strong></span> <span class='ocrx_word' id='word_1_62' title='bbox 1339 1009 1605 1080; x_wconf 87' lang='lat' dir='ltr'><strong>utrinque</strong></span> <span class='ocrx_word' id='word_1_63' title='bbox 1638 1008 1867 1082; x_wconf 88' lang='lat' dir='ltr'><strong>publico</strong></span> <span class='ocrx_word' id='word_1_64' title='bbox 1894 1011 2007 1067; x_wconf 85' lang='lat' dir='ltr'><strong>hoc</strong></span> <span class='ocrx_word' id='word_1_65' title='bbox 2042 1027 2240 1068; x_wconf 87' lang='lat' dir='ltr'><strong>eorum</strong></span> <span class='ocrx_word' id='word_1_66' title='bbox 2278 1009 2374 1078; x_wconf 82' lang='lat' dir='ltr'><strong>sit,</strong></span> <span class='ocrx_word' id='word_1_67' title='bbox 2418 1006 2514 1080; x_wconf 89' lang='lat' dir='ltr'><strong>qui</strong></span> <span class='ocrx_word' id='word_1_68' title='bbox 2546 1004 2739 1061; x_wconf 86' lang='lat' dir='ltr'><strong>summi</strong></span> <span class='ocrx_word' id='word_1_69' title='bbox 2778 1002 2977 1077; x_wconf 85' lang='lat' dir='ltr'><strong>imperii</strong></span> 
     </span>
     <span class='ocr_line' id='line_1_8' title="bbox 783 1060 2980 1158; baseline 0 -21"><span class='ocrx_word' id='word_1_70' title='bbox 783 1078 797 1093; x_wconf 73' lang='lat'><em>⁶</em></span> <span class='ocrx_word' id='word_1_71' title='bbox 877 1078 890 1092; x_wconf 76' lang='lat'><strong>⁹</strong></span> <span class='ocrx_word' id='word_1_72' title='bbox 930 1060 1294 1141; x_wconf 79' lang='lat' dir='ltr'><strong>³·exercendi</strong></span> <span class='ocrx_word' id='word_1_73' title='bbox 1321 1085 1406 1158; x_wconf 69' lang='lat' dir='ltr'><strong>ius</strong></span> <span class='ocrx_word' id='word_1_74' title='bbox 1436 1086 1668 1141; x_wconf 87' lang='lat' dir='ltr'><strong>habent.</strong></span> <span class='ocrx_word' id='word_1_75' title='bbox 1723 1099 1749 1130; x_wconf 80' lang='lat' dir='ltr'><strong>a</strong></span> <span class='ocrx_word' id='word_1_76' title='bbox 1786 1086 1963 1157; x_wconf 79' lang='lat' dir='ltr'><strong>Regis</strong></span> <span class='ocrx_word' id='word_1_77' title='bbox 1994 1086 2164 1158; x_wconf 87' lang='lat' dir='ltr'><strong>igitur</strong></span> <span class='ocrx_word' id='word_1_78' title='bbox 2193 1089 2307 1144; x_wconf 86' lang='lat' dir='ltr'><strong>hoc</strong></span> <span class='ocrx_word' id='word_1_79' title='bbox 2339 1085 2445 1148; x_wconf 82' lang='lat' dir='ltr'><strong>erit</strong></span> <span class='ocrx_word' id='word_1_80' title='bbox 2473 1084 2529 1139; x_wconf 89' lang='lat' dir='ltr'><strong>in</strong></span> <span class='ocrx_word' id='word_1_81' title='bbox 2567 1081 2706 1138; x_wconf 85' lang='lat' dir='ltr'><strong>statu</strong></span> <span class='ocrx_word' id='word_1_82' title='bbox 2743 1096 2875 1137; x_wconf 87' lang='lat' dir='ltr'><strong>vere</strong></span> <span class='ocrx_word' id='word_1_83' title='bbox 2911 1097 2980 1137; x_wconf 84' lang='lat' dir='ltr'><strong>re·</strong></span> 
     </span>
    </p>

    <p class='ocr_par' dir='ltr' id='par_1_5' title="bbox 702 1159 2989 1841">
     <span class='ocr_line' id='line_1_9' title="bbox 989 1159 2674 1234; baseline 0.001 -22"><span class='ocrx_word' id='word_1_84' title='bbox 989 1160 1118 1230; x_wconf 84' lang='lat' dir='ltr'><strong>giO‚</strong></span> <span class='ocrx_word' id='word_1_85' title='bbox 1162 1159 1338 1216; x_wconf 92' lang='lat' dir='ltr'><strong>modo</strong></span> <span class='ocrx_word' id='word_1_86' title='bbox 1365 1160 1409 1215; x_wconf 82' lang='lat' dir='ltr'><strong>is</strong></span> <span class='ocrx_word' id='word_1_87' title='bbox 1441 1178 1542 1218; x_wconf 82' lang='lat' dir='ltr'><strong>rex</strong></span> <span class='ocrx_word' id='word_1_88' title='bbox 1566 1161 1734 1217; x_wconf 89' lang='lat' dir='ltr'><strong>etiam</strong></span> <span class='ocrx_word' id='word_1_89' title='bbox 1775 1175 1798 1213; x_wconf 81' lang='lat'><em>5</em></span> <span class='ocrx_word' id='word_1_90' title='bbox 1833 1162 1917 1230; x_wconf 86' lang='lat' dir='ltr'><strong>jus</strong></span> <span class='ocrx_word' id='word_1_91' title='bbox 1948 1163 2156 1219; x_wconf 82' lang='lat' dir='ltr'><strong>habeat</strong></span> <span class='ocrx_word' id='word_1_92' title='bbox 2180 1177 2297 1220; x_wconf 91' lang='lat' dir='ltr'><strong>non</strong></span> <span class='ocrx_word' id='word_1_93' title='bbox 2322 1159 2674 1234; x_wconf 80' lang='lat' dir='ltr'><strong>impeditum.</strong></span> 
     </span>
     <span class='ocr_line' id='line_1_10' title="bbox 731 1225 2981 1310; baseline 0.001 -24"><span class='ocrx_word' id='word_1_94' title='bbox 731 1225 759 1300; x_wconf 58' lang='grc' dir='ltr'><strong>,ὅ</strong></span> <span class='ocrx_word' id='word_1_95' title='bbox 802 1225 915 1275; x_wconf 71' lang='lat' dir='ltr'><strong>Wde</strong></span> <span class='ocrx_word' id='word_1_96' title='bbox 1072 1232 1171 1290; x_wconf 78' lang='lat'>111.</span> <span class='ocrx_word' id='word_1_97' title='bbox 1218 1253 1267 1292; x_wconf 90' lang='lat'><strong>1.</strong></span> <span class='ocrx_word' id='word_1_98' title='bbox 1308 1237 1456 1293; x_wconf 87' lang='lat' dir='ltr'><strong>Nam</strong></span> <span class='ocrx_word' id='word_1_99' title='bbox 1487 1254 1588 1294; x_wconf 85' lang='lat' dir='ltr'><strong>rex</strong></span> <span class='ocrx_word' id='word_1_100' title='bbox 1620 1238 1716 1310; x_wconf 88' lang='lat' dir='ltr'><strong>qui</strong></span> <span class='ocrx_word' id='word_1_101' title='bbox 1747 1238 1922 1295; x_wconf 84' lang='lat' dir='ltr'><strong>aetatis</strong></span> <span class='ocrx_word' id='word_1_102' title='bbox 1972 1239 2051 1296; x_wconf 91' lang='lat' dir='ltr'><strong>est</strong></span> <span class='ocrx_word' id='word_1_103' title='bbox 2084 1241 2200 1310; x_wconf 85' lang='lat' dir='ltr'><strong>ejus</strong></span> <span class='ocrx_word' id='word_1_104' title='bbox 2235 1238 2293 1298; x_wconf 87' lang='lat' dir='ltr'><strong>b,</strong></span> <span class='ocrx_word' id='word_1_105' title='bbox 2337 1255 2459 1310; x_wconf 83' lang='lat' dir='ltr'><strong>quae</strong></span> <span class='ocrx_word' id='word_1_106' title='bbox 2490 1234 2685 1305; x_wconf 88' lang='lat' dir='ltr'><strong>judicii</strong></span> <span class='ocrx_word' id='word_1_107' title='bbox 2718 1233 2981 1290; x_wconf 85' lang='lat' dir='ltr'><strong>maturita-</strong></span> 
     </span>
     <span class='ocr_line' id='line_1_11' title="bbox 702 1288 2980 1412; baseline 0.006 -48"><span class='ocrx_word' id='word_1_108' title='bbox 702 1288 785 1398; x_wconf 48' lang='grc' dir='ltr'><strong>ζῶ·</strong></span> <span class='ocrx_word' id='word_1_109' title='bbox 823 1305 865 1412; x_wconf 54' lang='lat'><strong>¹5·</strong></span> <span class='ocrx_word' id='word_1_110' title='bbox 911 1307 948 1337; x_wconf 84' lang='lat'><strong>⁶·</strong></span> <span class='ocrx_word' id='word_1_111' title='bbox 998 1320 1110 1366; x_wconf 88' lang='lat' dir='ltr'><strong>tem</strong></span> <span class='ocrx_word' id='word_1_112' title='bbox 1143 1328 1262 1367; x_wconf 90' lang='lat' dir='ltr'><strong>non</strong></span> <span class='ocrx_word' id='word_1_113' title='bbox 1299 1313 1506 1383; x_wconf 81' lang='lat' dir='ltr'><strong>habet,</strong></span> <span class='ocrx_word' id='word_1_114' title='bbox 1563 1313 1748 1387; x_wconf 84' lang='lat' dir='ltr'><strong>(quod</strong></span> <span class='ocrx_word' id='word_1_115' title='bbox 1793 1315 1849 1370; x_wconf 89' lang='lat' dir='ltr'><strong>in</strong></span> <span class='ocrx_word' id='word_1_116' title='bbox 1901 1316 2087 1388; x_wconf 84' lang='lat' dir='ltr'><strong>regnis</strong></span> <span class='ocrx_word' id='word_1_117' title='bbox 2143 1314 2424 1386; x_wconf 82' lang='lat' dir='ltr'>aliquibus</span> <span class='ocrx_word' id='word_1_118' title='bbox 2455 1322 2481 1360; x_wconf 84' lang='lat'><strong>⁶</strong></span> <span class='ocrx_word' id='word_1_119' title='bbox 2520 1312 2645 1386; x_wconf 84' lang='lat' dir='ltr'><strong>lege</strong></span> <span class='ocrx_word' id='word_1_120' title='bbox 2697 1309 2980 1377; x_wconf 80' lang='lat' dir='ltr'><strong>definitur,</strong></span> 
     </span>
     <span class='ocr_line' id='line_1_12' title="bbox 742 1367 2983 1462; baseline 0 -22"><span class='ocrx_word' id='word_1_121' title='bbox 742 1367 811 1402; x_wconf 75' lang='lat'><strong>¹¹⁰</strong></span> <span class='ocrx_word' id='word_1_122' title='bbox 873 1369 974 1412; x_wconf 80' lang='lat'><strong>·²·4·</strong></span> <span class='ocrx_word' id='word_1_123' title='bbox 991 1386 1123 1442; x_wconf 88' lang='lat' dir='ltr'><strong>alibi</strong></span> <span class='ocrx_word' id='word_1_124' title='bbox 1157 1389 1541 1460; x_wconf 87' lang='lat' dir='ltr'><strong>probabilibus</strong></span> <span class='ocrx_word' id='word_1_125' title='bbox 1568 1391 1900 1460; x_wconf 72' lang='lat' dir='ltr'><strong>conjecturis</strong></span> <span class='ocrx_word' id='word_1_126' title='bbox 1931 1393 2038 1449; x_wconf 88' lang='lat' dir='ltr'><strong>erit</strong></span> <span class='ocrx_word' id='word_1_127' title='bbox 2075 1388 2496 1462; x_wconf 79' lang='lat' dir='ltr'><strong>aestimandum)</strong></span> <span class='ocrx_word' id='word_1_128' title='bbox 2549 1389 2648 1460; x_wconf 89' lang='lat' dir='ltr'><strong>qui</strong></span> <span class='ocrx_word' id='word_1_129' title='bbox 2694 1385 2983 1442; x_wconf 65' lang='lat' dir='ltr'><strong>imminutae</strong></span> 
     </span>
     <span class='ocr_line' id='line_1_13' title="bbox 986 1459 2986 1542; baseline -0.002 -23"><span class='ocrx_word' id='word_1_130' title='bbox 986 1465 1192 1519; x_wconf 85' lang='lat' dir='ltr'><strong>mentis</strong></span> <span class='ocrx_word' id='word_1_131' title='bbox 1233 1465 1343 1531; x_wconf 84' lang='lat' dir='ltr'><strong>est,</strong></span> <span class='ocrx_word' id='word_1_132' title='bbox 1388 1483 1584 1540; x_wconf 80' lang='lat' dir='ltr'>pacem</span> <span class='ocrx_word' id='word_1_133' title='bbox 1617 1466 1802 1524; x_wconf 82' lang='lat' dir='ltr'><strong>facere</strong></span> <span class='ocrx_word' id='word_1_134' title='bbox 1835 1484 1952 1523; x_wconf 91' lang='lat' dir='ltr'><strong>non</strong></span> <span class='ocrx_word' id='word_1_135' title='bbox 1981 1467 2185 1542; x_wconf 87' lang='lat' dir='ltr'><strong>potest.</strong></span> <span class='ocrx_word' id='word_1_136' title='bbox 2222 1468 2380 1525; x_wconf 83' lang='lat' dir='ltr'>Idem</span> <span class='ocrx_word' id='word_1_137' title='bbox 2415 1462 2711 1521; x_wconf 86' lang='lat' dir='ltr'><strong>dicendum</strong></span> <span class='ocrx_word' id='word_1_138' title='bbox 2752 1460 2830 1518; x_wconf 90' lang='lat' dir='ltr'><strong>est</strong></span> <span class='ocrx_word' id='word_1_139' title='bbox 2863 1459 2891 1508; x_wconf 90' lang='lat' dir='ltr'>b</span> <span class='ocrx_word' id='word_1_140' title='bbox 2925 1461 2986 1516; x_wconf 87' lang='lat' dir='ltr'><strong>de</strong></span> 
     </span>
     <span class='ocr_line' id='line_1_14' title="bbox 982 1537 2988 1617; baseline -0.002 -21"><span class='ocrx_word' id='word_1_141' title='bbox 982 1556 1119 1611; x_wconf 86' lang='lat' dir='ltr'><strong>rege</strong></span> <span class='ocrx_word' id='word_1_142' title='bbox 1158 1542 1422 1613; x_wconf 70' lang='lat' dir='ltr'><strong>captim,</strong></span> <span class='ocrx_word' id='word_1_143' title='bbox 1463 1543 1502 1599; x_wconf 86' lang='lat' dir='ltr'>fi</span> <span class='ocrx_word' id='word_1_144' title='bbox 1542 1543 1717 1600; x_wconf 89' lang='lat' dir='ltr'><strong>modo</strong></span> <span class='ocrx_word' id='word_1_145' title='bbox 1757 1559 1994 1617; x_wconf 82' lang='lat' dir='ltr'><strong>regnum</strong></span> <span class='ocrx_word' id='word_1_146' title='bbox 2026 1562 2098 1600; x_wconf 82' lang='lat' dir='ltr'><strong>ex</strong></span> <span class='ocrx_word' id='word_1_147' title='bbox 2139 1541 2411 1601; x_wconf 87' lang='lat' dir='ltr'><strong>consensu</strong></span> <span class='ocrx_word' id='word_1_148' title='bbox 2443 1538 2641 1614; x_wconf 86' lang='lat' dir='ltr'><strong>populi</strong></span> <span class='ocrx_word' id='word_1_149' title='bbox 2674 1550 2863 1594; x_wconf 88' lang='lat' dir='ltr'><strong>ortum</strong></span> <span class='ocrx_word' id='word_1_150' title='bbox 2894 1537 2988 1592; x_wconf 87' lang='lat' dir='ltr'><strong>ha-</strong></span> 
     </span>
     <span class='ocr_line' id='line_1_15' title="bbox 987 1612 2989 1692; baseline -0.003 -21"><span class='ocrx_word' id='word_1_151' title='bbox 987 1617 1104 1671; x_wconf 88' lang='lat' dir='ltr'><strong>bet.</strong></span> <span class='ocrx_word' id='word_1_152' title='bbox 1130 1632 1248 1673; x_wconf 91' lang='lat' dir='ltr'><strong>non</strong></span> <span class='ocrx_word' id='word_1_153' title='bbox 1275 1619 1424 1674; x_wconf 84' lang='lat' dir='ltr'><strong>enim</strong></span> <span class='ocrx_word' id='word_1_154' title='bbox 1456 1619 1727 1676; x_wconf 81' lang='lat' dir='ltr'><strong>credibile</strong></span> <span class='ocrx_word' id='word_1_155' title='bbox 1757 1621 1833 1676; x_wconf 83' lang='lat' dir='ltr'><strong>est</strong></span> <span class='ocrx_word' id='word_1_156' title='bbox 1865 1636 1894 1673; x_wconf 89' lang='lat' dir='ltr'><strong>a</strong></span> <span class='ocrx_word' id='word_1_157' title='bbox 1922 1618 2142 1692; x_wconf 88' lang='lat' dir='ltr'><strong>populo</strong></span> <span class='ocrx_word' id='word_1_158' title='bbox 2177 1617 2465 1691; x_wconf 86' lang='lat' dir='ltr'><strong>imperium</strong></span> <span class='ocrx_word' id='word_1_159' title='bbox 2491 1615 2734 1671; x_wconf 86' lang='lat' dir='ltr'><strong>delatum</strong></span> <span class='ocrx_word' id='word_1_160' title='bbox 2759 1630 2822 1668; x_wconf 84' lang='lat' dir='ltr'><strong>ea</strong></span> <span class='ocrx_word' id='word_1_161' title='bbox 2850 1612 2989 1684; x_wconf 80' lang='lat' dir='ltr'><strong>lege,</strong></span> 
     </span>
     <span class='ocr_line' id='line_1_16' title="bbox 992 1688 2988 1766; baseline -0.004 -17"><span class='ocrx_word' id='word_1_162' title='bbox 992 1702 1056 1749; x_wconf 86' lang='lat' dir='ltr'><strong>ut</strong></span> <span class='ocrx_word' id='word_1_163' title='bbox 1095 1688 1148 1746; x_wconf 85' lang='lat'>&amp;</span> <span class='ocrx_word' id='word_1_164' title='bbox 1179 1708 1210 1747; x_wconf 89' lang='lat' dir='ltr'><strong>a</strong></span> <span class='ocrx_word' id='word_1_165' title='bbox 1243 1710 1359 1750; x_wconf 92' lang='lat' dir='ltr'><strong>non</strong></span> <span class='ocrx_word' id='word_1_166' title='bbox 1395 1694 1578 1752; x_wconf 87' lang='lat' dir='ltr'><strong>libero</strong></span> <span class='ocrx_word' id='word_1_167' title='bbox 1613 1695 1864 1753; x_wconf 82' lang='lat' dir='ltr'><strong>exerceri</strong></span> <span class='ocrx_word' id='word_1_168' title='bbox 1896 1695 2083 1766; x_wconf 86' lang='lat' dir='ltr'><strong>poffit.</strong></span> <span class='ocrx_word' id='word_1_169' title='bbox 2162 1695 2313 1765; x_wconf 81' lang='lat' dir='ltr'><strong>Ergo</strong></span> <span class='ocrx_word' id='word_1_170' title='bbox 2351 1691 2403 1746; x_wconf 85' lang='lat'>&amp;</span> <span class='ocrx_word' id='word_1_171' title='bbox 2451 1692 2565 1748; x_wconf 86' lang='lat' dir='ltr'><strong>hoc</strong></span> <span class='ocrx_word' id='word_1_172' title='bbox 2609 1688 2732 1746; x_wconf 89' lang='lat' dir='ltr'><strong>casu</strong></span> <span class='ocrx_word' id='word_1_173' title='bbox 2779 1688 2988 1761; x_wconf 87' lang='lat' dir='ltr'><strong>imperii</strong></span> 
     </span>
     <span class='ocr_line' id='line_1_17' title="bbox 989 1764 2988 1841; baseline -0.002 -19"><span class='ocrx_word' id='word_1_174' title='bbox 989 1782 1018 1812; x_wconf 83' lang='lat' dir='ltr'><strong>c</strong></span> <span class='ocrx_word' id='word_1_175' title='bbox 1049 1784 1166 1823; x_wconf 91' lang='lat' dir='ltr'><strong>non</strong></span> <span class='ocrx_word' id='word_1_176' title='bbox 1196 1769 1424 1841; x_wconf 87' lang='lat' dir='ltr'><strong>quidem</strong></span> <span class='ocrx_word' id='word_1_177' title='bbox 1458 1773 1543 1841; x_wconf 79' lang='lat' dir='ltr'><strong>jns</strong></span> <span class='ocrx_word' id='word_1_178' title='bbox 1578 1783 1799 1838; x_wconf 87' lang='lat' dir='ltr'><strong>totum,</strong></span> <span class='ocrx_word' id='word_1_179' title='bbox 1841 1768 1931 1824; x_wconf 88' lang='lat' dir='ltr'><strong>sed</strong></span> <span class='ocrx_word' id='word_1_180' title='bbox 1963 1769 2235 1826; x_wconf 79' lang='lat' dir='ltr'><strong>exercitio</strong></span> <span class='ocrx_word' id='word_1_181' title='bbox 2271 1766 2323 1822; x_wconf 72' lang='grc' dir='ltr'><strong>δι</strong></span> <span class='ocrx_word' id='word_1_182' title='bbox 2355 1766 2504 1840; x_wconf 78' lang='lat' dir='ltr'><strong>quasi</strong></span> <span class='ocrx_word' id='word_1_183' title='bbox 2541 1766 2714 1822; x_wconf 85' lang='lat' dir='ltr'><strong>tutela</strong></span> <span class='ocrx_word' id='word_1_184' title='bbox 2761 1764 2864 1822; x_wconf 85' lang='lat' dir='ltr'><strong>erit</strong></span> <span class='ocrx_word' id='word_1_185' title='bbox 2902 1780 2988 1838; x_wconf 88' lang='lat' dir='ltr'><strong>pe-</strong></span> 
     </span>
    </p>

    <p class='ocr_par' dir='ltr' id='par_1_6' title="bbox 978 1840 2615 1918">
     <span class='ocr_line' id='line_1_18' title="bbox 978 1840 2615 1918; baseline -0.002 -21"><span class='ocrx_word' id='word_1_186' title='bbox 978 1857 1080 1898; x_wconf 84' lang='lat' dir='ltr'><strong>nes</strong></span> <span class='ocrx_word' id='word_1_187' title='bbox 1116 1846 1392 1915; x_wconf 87' lang='lat' dir='ltr'><strong>populum</strong></span> <span class='ocrx_word' id='word_1_188' title='bbox 1415 1890 1430 1913; x_wconf 90' lang='lat'>‚</span> <span class='ocrx_word' id='word_1_189' title='bbox 1473 1858 1569 1903; x_wconf 88' lang='lat' dir='ltr'><strong>aut</strong></span> <span class='ocrx_word' id='word_1_190' title='bbox 1596 1865 1728 1903; x_wconf 86' lang='lat' dir='ltr'><strong>eum</strong></span> <span class='ocrx_word' id='word_1_191' title='bbox 1760 1845 1852 1901; x_wconf 86' lang='lat' dir='ltr'><strong>cui</strong></span> <span class='ocrx_word' id='word_1_192' title='bbox 1884 1843 1941 1899; x_wconf 88' lang='lat' dir='ltr'><strong>id</strong></span> <span class='ocrx_word' id='word_1_193' title='bbox 1974 1842 2214 1918; x_wconf 87' lang='lat' dir='ltr'><strong>populus</strong></span> <span class='ocrx_word' id='word_1_194' title='bbox 2256 1840 2615 1898; x_wconf 83' lang='lat' dir='ltr'><strong>commiserit.</strong></span> 
     </span>
    </p>

    <p class='ocr_par' dir='ltr' id='par_1_7' title="bbox 985 1912 2986 2297">
     <span class='ocr_line' id='line_1_19' title="bbox 1064 1912 2983 1994; baseline 0 -20"><span class='ocrx_word' id='word_1_195' title='bbox 1064 1934 1116 1974; x_wconf 85' lang='lat'><strong>2.</strong></span> <span class='ocrx_word' id='word_1_196' title='bbox 1159 1920 1251 1975; x_wconf 91' lang='lat' dir='ltr'><strong>De</strong></span> <span class='ocrx_word' id='word_1_197' title='bbox 1285 1922 1370 1978; x_wconf 82' lang='lat' dir='ltr'><strong>his</strong></span> <span class='ocrx_word' id='word_1_198' title='bbox 1397 1935 1581 1978; x_wconf 87' lang='lat' dir='ltr'><strong>tamen</strong></span> <span class='ocrx_word' id='word_1_199' title='bbox 1622 1940 1744 1994; x_wconf 80' lang='lat' dir='ltr'><strong>quae</strong></span> <span class='ocrx_word' id='word_1_200' title='bbox 1781 1921 2043 1994; x_wconf 84' lang='lat' dir='ltr'><strong>privatim</strong></span> <span class='ocrx_word' id='word_1_201' title='bbox 2076 1917 2167 1974; x_wconf 91' lang='lat' dir='ltr'><strong>sua</strong></span> <span class='ocrx_word' id='word_1_202' title='bbox 2198 1916 2324 1974; x_wconf 77' lang='lat' dir='ltr'><strong>sunt</strong></span> <span class='ocrx_word' id='word_1_203' title='bbox 2349 1917 2388 1974; x_wconf 88' lang='lat' dir='ltr'><strong>fi</strong></span> <span class='ocrx_word' id='word_1_204' title='bbox 2415 1916 2547 1988; x_wconf 71' lang='lat' dir='ltr'><strong>quid</strong></span> <span class='ocrx_word' id='word_1_205' title='bbox 2582 1912 2860 1988; x_wconf 73' lang='lat' dir='ltr'><strong>pepigerit</strong></span> <span class='ocrx_word' id='word_1_206' title='bbox 2892 1931 2983 1971; x_wconf 83' lang='lat' dir='ltr'><strong>rex</strong></span> 
     </span>
     <span class='ocr_line' id='line_1_20' title="bbox 987 1989 2984 2069; baseline -0.001 -22"><span class='ocrx_word' id='word_1_207' title='bbox 987 1993 1155 2049; x_wconf 86' lang='lat' dir='ltr'><strong>etiam</strong></span> <span class='ocrx_word' id='word_1_208' title='bbox 1191 1999 1447 2069; x_wconf 85' lang='lat' dir='ltr'><strong>captivus</strong></span> <span class='ocrx_word' id='word_1_209' title='bbox 1483 1998 1736 2066; x_wconf 82' lang='lat' dir='ltr'><strong>valebit,</strong></span> <span class='ocrx_word' id='word_1_210' title='bbox 1777 1997 1846 2053; x_wconf 89' lang='lat' dir='ltr'><strong>ad</strong></span> <span class='ocrx_word' id='word_1_211' title='bbox 1900 1994 2219 2067; x_wconf 79' lang='lat' dir='ltr'><strong>exemplum</strong></span> <span class='ocrx_word' id='word_1_212' title='bbox 2264 2010 2459 2049; x_wconf 90' lang='lat' dir='ltr'><strong>eorum</strong></span> <span class='ocrx_word' id='word_1_213' title='bbox 2492 2008 2616 2065; x_wconf 84' lang='lat' dir='ltr'><strong>quae</strong></span> <span class='ocrx_word' id='word_1_214' title='bbox 2654 1990 2724 2046; x_wconf 94' lang='lat' dir='ltr'><strong>de</strong></span> <span class='ocrx_word' id='word_1_215' title='bbox 2763 1989 2984 2063; x_wconf 83' lang='lat' dir='ltr'><strong>privatis</strong></span> 
     </span>
     <span class='ocr_line' id='line_1_21' title="bbox 987 2065 2986 2205; baseline -0.003 -79"><span class='ocrx_word' id='word_1_216' title='bbox 987 2073 1468 2129; x_wconf 79' lang='lat' dir='ltr'><strong>conventionibus</strong></span> <span class='ocrx_word' id='word_1_217' title='bbox 1500 2072 1771 2130; x_wconf 79' lang='lat' dir='ltr'><strong>dicemus,</strong></span> <span class='ocrx_word' id='word_1_218' title='bbox 1852 2069 2023 2205; x_wconf 43' lang='lat' dir='ltr'><strong>Qluod</strong></span> <span class='ocrx_word' id='word_1_219' title='bbox 2053 2070 2094 2127; x_wconf 86' lang='lat' dir='ltr'>fi</span> <span class='ocrx_word' id='word_1_220' title='bbox 2125 2068 2266 2126; x_wconf 84' lang='lat' dir='ltr'><strong>exul&#39;</strong></span> <span class='ocrx_word' id='word_1_221' title='bbox 2285 2069 2350 2126; x_wconf 89' lang='lat' dir='ltr'><strong>fit</strong></span> <span class='ocrx_word' id='word_1_222' title='bbox 2379 2085 2512 2137; x_wconf 84' lang='lat' dir='ltr'><strong>rex,</strong></span> <span class='ocrx_word' id='word_1_223' title='bbox 2553 2066 2581 2114; x_wconf 87' lang='lat' dir='ltr'><strong>d</strong></span> <span class='ocrx_word' id='word_1_224' title='bbox 2616 2081 2879 2139; x_wconf 81' lang='lat' dir='ltr'><strong>pacemne</strong></span> <span class='ocrx_word' id='word_1_225' title='bbox 2915 2065 2986 2121; x_wconf 86' lang='lat' dir='ltr'><strong>fa·</strong></span> 
     </span>
     <span class='ocr_line' id='line_1_22' title="bbox 985 2142 2981 2217; baseline -0.002 -16"><span class='ocrx_word' id='word_1_226' title='bbox 985 2161 1115 2201; x_wconf 88' lang='lat' dir='ltr'><strong>cere</strong></span> <span class='ocrx_word' id='word_1_227' title='bbox 1147 2147 1405 2217; x_wconf 72' lang='lat' dir='ltr'><strong>poterit?</strong></span> <span class='ocrx_word' id='word_1_228' title='bbox 1463 2148 1589 2204; x_wconf 90' lang='lat' dir='ltr'><strong>sane</strong></span> <span class='ocrx_word' id='word_1_229' title='bbox 1615 2192 1631 2217; x_wconf 92' lang='lat'><strong><em>,</em></strong></span> <span class='ocrx_word' id='word_1_230' title='bbox 1691 2150 1729 2205; x_wconf 87' lang='lat' dir='ltr'><strong>fi</strong></span> <span class='ocrx_word' id='word_1_231' title='bbox 1758 2152 1888 2205; x_wconf 79' lang='lat' dir='ltr'><strong>coni</strong></span> <span class='ocrx_word' id='word_1_232' title='bbox 1916 2158 1973 2203; x_wconf 88' lang='lat' dir='ltr'><strong>et</strong></span> <span class='ocrx_word' id='word_1_233' title='bbox 2025 2163 2153 2203; x_wconf 87' lang='lat' dir='ltr'><strong>eum</strong></span> <span class='ocrx_word' id='word_1_234' title='bbox 2192 2161 2309 2202; x_wconf 91' lang='lat' dir='ltr'><strong>non</strong></span> <span class='ocrx_word' id='word_1_235' title='bbox 2348 2160 2376 2204; x_wconf 96' lang='lat'>7</span> <span class='ocrx_word' id='word_1_236' title='bbox 2413 2145 2727 2201; x_wconf 75' lang='lat' dir='ltr'><strong>obnoxium</strong></span> <span class='ocrx_word' id='word_1_237' title='bbox 2758 2142 2981 2197; x_wconf 85' lang='lat' dir='ltr'><strong>vivere:</strong></span> 
     </span>
     <span class='ocr_line' id='line_1_23' title="bbox 985 2214 2985 2297; baseline -0.004 -19"><span class='ocrx_word' id='word_1_238' title='bbox 985 2224 1299 2293; x_wconf 78' lang='lat' dir='ltr'><strong>caeteroqui</strong></span> <span class='ocrx_word' id='word_1_239' title='bbox 1341 2240 1536 2295; x_wconf 89' lang='lat' dir='ltr'><strong>parum</strong></span> <span class='ocrx_word' id='word_1_240' title='bbox 1588 2242 1618 2278; x_wconf 94' lang='lat' dir='ltr'><strong>a</strong></span> <span class='ocrx_word' id='word_1_241' title='bbox 1674 2225 1903 2297; x_wconf 86' lang='lat' dir='ltr'><strong>captivo</strong></span> <span class='ocrx_word' id='word_1_242' title='bbox 1960 2222 2076 2279; x_wconf 87' lang='lat' dir='ltr'><strong>sors</strong></span> <span class='ocrx_word' id='word_1_243' title='bbox 2118 2222 2234 2290; x_wconf 85' lang='lat' dir='ltr'><strong>ejus</strong></span> <span class='ocrx_word' id='word_1_244' title='bbox 2273 2217 2537 2278; x_wconf 83' lang='lat' dir='ltr'><strong>distabit:</strong></span> <span class='ocrx_word' id='word_1_245' title='bbox 2600 2235 2728 2275; x_wconf 87' lang='lat' dir='ltr'><strong>nam</strong></span> <span class='ocrx_word' id='word_1_246' title='bbox 2782 2215 2901 2272; x_wconf 87' lang='lat' dir='ltr'><strong>sunt</strong></span> <span class='ocrx_word' id='word_1_247' title='bbox 2941 2214 2985 2271; x_wconf 73' lang='grc' dir='ltr'><strong>δι</strong></span> 
     </span>
    </p>

    <p class='ocr_par' dir='ltr' id='par_1_8' title="bbox 843 2290 2985 2380">
     <span class='ocr_line' id='line_1_24' title="bbox 843 2290 2985 2380; baseline -0.002 -30"><span class='ocrx_word' id='word_1_248' title='bbox 843 2369 852 2380; x_wconf 95' lang='lat'>.</span> <span class='ocrx_word' id='word_1_249' title='bbox 990 2308 1013 2344; x_wconf 77' lang='lat'>8</span> <span class='ocrx_word' id='word_1_250' title='bbox 1051 2295 1190 2353; x_wconf 75' lang='lat' dir='ltr'><strong>laxae</strong></span> <span class='ocrx_word' id='word_1_251' title='bbox 1233 2298 1514 2354; x_wconf 66' lang='lat' dir='ltr'><strong>custodiae.</strong></span> <span class='ocrx_word' id='word_1_252' title='bbox 1595 2300 1849 2372; x_wconf 82' lang='lat' dir='ltr'>Regulus</span> <span class='ocrx_word' id='word_1_253' title='bbox 1883 2299 2214 2355; x_wconf 82' lang='lat' dir='ltr'><strong>sententiam</strong></span> <span class='ocrx_word' id='word_1_254' title='bbox 2249 2298 2305 2353; x_wconf 89' lang='lat' dir='ltr'><strong>in</strong></span> <span class='ocrx_word' id='word_1_255' title='bbox 2346 2294 2540 2352; x_wconf 88' lang='lat' dir='ltr'><strong>senatu</strong></span> <span class='ocrx_word' id='word_1_256' title='bbox 2576 2295 2762 2351; x_wconf 89' lang='lat' dir='ltr'><strong>dicere</strong></span> <span class='ocrx_word' id='word_1_257' title='bbox 2793 2290 2985 2349; x_wconf 81' lang='lat' dir='ltr'><strong>recusa-</strong></span> 
     </span>
    </p>

    <p class='ocr_par' dir='ltr' id='par_1_9' title="bbox 702 2364 2983 2506">
     <span class='ocr_line' id='line_1_25' title="bbox 735 2364 2983 2447; baseline 0 -23"><span class='ocrx_word' id='word_1_258' title='bbox 735 2384 759 2413; x_wconf 74' lang='grc' dir='ltr'><strong><em>ε</em></strong></span> <span class='ocrx_word' id='word_1_259' title='bbox 797 2368 891 2415; x_wconf 71' lang='lat' dir='ltr'><strong>Cw·</strong></span> <span class='ocrx_word' id='word_1_260' title='bbox 922 2364 973 2416; x_wconf 78' lang='lat' dir='ltr'><strong>de</strong></span> <span class='ocrx_word' id='word_1_261' title='bbox 994 2372 1108 2438; x_wconf 83' lang='lat' dir='ltr'><strong>vit,</strong></span> <span class='ocrx_word' id='word_1_262' title='bbox 1159 2388 1183 2417; x_wconf 75' lang='lat' dir='ltr'><strong>c</strong></span> <span class='ocrx_word' id='word_1_263' title='bbox 1218 2373 1410 2429; x_wconf 82' lang='lat' dir='ltr'><strong>dicens</strong></span> <span class='ocrx_word' id='word_1_264' title='bbox 1441 2419 1457 2442; x_wconf 90' lang='lat'>‚</span> <span class='ocrx_word' id='word_1_265' title='bbox 1518 2376 1784 2447; x_wconf 84' lang='lat' dir='ltr'><strong>quamdiu</strong></span> <span class='ocrx_word' id='word_1_266' title='bbox 1830 2374 2190 2446; x_wconf 79' lang='lat' dir='ltr'><strong>jurejurando</strong></span> <span class='ocrx_word' id='word_1_267' title='bbox 2228 2372 2474 2431; x_wconf 81' lang='lat' dir='ltr'><strong>hostium</strong></span> <span class='ocrx_word' id='word_1_268' title='bbox 2513 2380 2832 2440; x_wconf 87' lang='lat' dir='ltr'><strong>teneretur,</strong></span> <span class='ocrx_word' id='word_1_269' title='bbox 2883 2384 2983 2424; x_wconf 84' lang='lat' dir='ltr'><strong>non</strong></span> 
     </span>
     <span class='ocr_line' id='line_1_26' title="bbox 702 2431 1563 2506; baseline 0.006 -5"><span class='ocrx_word' id='word_1_270' title='bbox 702 2431 780 2489; x_wconf 67' lang='lat' dir='ltr'><strong>’ff‘</strong></span> <span class='ocrx_word' id='word_1_271' title='bbox 816 2446 921 2481; x_wconf 82' lang='lat'><strong>¹¹¹·</strong></span> <span class='ocrx_word' id='word_1_272' title='bbox 993 2448 1103 2504; x_wconf 85' lang='lat' dir='ltr'><strong>effe</strong></span> <span class='ocrx_word' id='word_1_273' title='bbox 1144 2448 1197 2504; x_wconf 90' lang='lat' dir='ltr'><strong>se</strong></span> <span class='ocrx_word' id='word_1_274' title='bbox 1230 2448 1563 2506; x_wconf 84' lang='lat' dir='ltr'><strong>senatorem.</strong></span> 
     </span>
    </p>

    <p class='ocr_par' dir='ltr' id='par_1_10' title="bbox 707 2507 2979 2604">
     <span class='ocr_line' id='line_1_27' title="bbox 707 2507 2979 2604; baseline -0.002 -26"><span class='ocrx_word' id='word_1_275' title='bbox 707 2507 789 2554; x_wconf 79' lang='lat'><strong>²7·</strong></span> <span class='ocrx_word' id='word_1_276' title='bbox 1061 2526 1163 2581; x_wconf 84' lang='lat' dir='ltr'><strong>IV.</strong></span> <span class='ocrx_word' id='word_1_277' title='bbox 1209 2542 1255 2580; x_wconf 85' lang='lat'><strong>1.</strong></span> <span class='ocrx_word' id='word_1_278' title='bbox 1312 2528 1377 2580; x_wconf 84' lang='lat' dir='ltr'><strong>ln</strong></span> <span class='ocrx_word' id='word_1_279' title='bbox 1416 2543 1716 2598; x_wconf 88' lang='lat' dir='ltr'><strong>procerum</strong></span> <span class='ocrx_word' id='word_1_280' title='bbox 1757 2539 1854 2585; x_wconf 80' lang='lat' dir='ltr'><strong>aut</strong></span> <span class='ocrx_word' id='word_1_281' title='bbox 1891 2527 2090 2604; x_wconf 88' lang='lat' dir='ltr'><strong>populi</strong></span> <span class='ocrx_word' id='word_1_282' title='bbox 2127 2525 2365 2600; x_wconf 84' lang='lat' dir='ltr'><strong>imperio</strong></span> <span class='ocrx_word' id='word_1_283' title='bbox 2402 2526 2491 2594; x_wconf 84' lang='lat' dir='ltr'><strong>jus</strong></span> <span class='ocrx_word' id='word_1_284' title='bbox 2530 2518 2843 2596; x_wconf 84' lang='lat' dir='ltr'><strong>paciscendi</strong></span> <span class='ocrx_word' id='word_1_285' title='bbox 2884 2518 2979 2575; x_wconf 88' lang='lat' dir='ltr'><strong>eri-t</strong></span> 
     </span>
    </p>

    <p class='ocr_par' dir='ltr' id='par_1_11' title="bbox 985 2596 2980 2726">
     <span class='ocr_line' id='line_1_28' title="bbox 985 2596 2980 2726; baseline 0 -72"><span class='ocrx_word' id='word_1_286' title='bbox 985 2615 1165 2671; x_wconf 80' lang='lat' dir='ltr'><strong>penes</strong></span> <span class='ocrx_word' id='word_1_287' title='bbox 1206 2602 1473 2670; x_wconf 86' lang='lat' dir='ltr'><strong>majorem</strong></span> <span class='ocrx_word' id='word_1_288' title='bbox 1511 2615 1728 2675; x_wconf 87' lang='lat' dir='ltr'><strong>partem</strong></span> <span class='ocrx_word' id='word_1_289' title='bbox 1763 2642 1785 2674; x_wconf 85' lang='lat'>‚</span> <span class='ocrx_word' id='word_1_290' title='bbox 1842 2604 1958 2665; x_wconf 86' lang='lat' dir='ltr'><strong>illic</strong></span> <span class='ocrx_word' id='word_1_291' title='bbox 1996 2624 2026 2662; x_wconf 88' lang='lat'>9</span> <span class='ocrx_word' id='word_1_292' title='bbox 2077 2603 2294 2664; x_wconf 76' lang='lat' dir='ltr'><strong>consilii</strong></span> <span class='ocrx_word' id='word_1_293' title='bbox 2331 2601 2591 2676; x_wconf 87' lang='lat' dir='ltr'><strong>publici,</strong></span> <span class='ocrx_word' id='word_1_294' title='bbox 2650 2598 2741 2656; x_wconf 88' lang='lat' dir='ltr'><strong>hic</strong></span> <span class='ocrx_word' id='word_1_295' title='bbox 2780 2596 2980 2726; x_wconf 58' lang='lat' dir='ltr'><strong>Civium</strong></span> 
     </span>
    </p>

    <p class='ocr_par' dir='ltr' id='par_1_12' title="bbox 2792 2684 2981 2725">
     <span class='ocr_line' id='line_1_29' title="bbox 2792 2684 2981 2725; baseline -0.026 -7"><span class='ocrx_word' id='word_1_296' title='bbox 2792 2685 2849 2719; x_wconf 85' lang='lat'><strong>10</strong></span> <span class='ocrx_word' id='word_1_297' title='bbox 2898 2684 2981 2725; x_wconf 60' lang='lat' dir='ltr'><strong>eno</strong></span> 
     </span>
    </p>
   </div>
   <div class='ocr_carea' id='block_1_3' title="bbox 1281 2853 2769 2905">
    <p class='ocr_par' dir='ltr' id='par_1_13' title="bbox 1281 2853 2769 2905">
     <span class='ocr_line' id='line_1_30' title="bbox 1281 2853 2769 2905; baseline -0.003 -5"><span class='ocrx_word' id='word_1_298' title='bbox 1281 2854 1661 2905; x_wconf 67' lang='lat' dir='ltr'><strong>Gno’rrr.</strong></span> <span class='ocrx_word' id='word_1_299' title='bbox 2242 2853 2769 2901; x_wconf 70' lang='lat' dir='ltr'><strong>Gnonovlr·</strong></span> 
     </span>
    </p>
   </div>
   <div class='ocr_carea' id='block_1_4' title="bbox 982 2967 2970 3168">
    <p class='ocr_par' dir='ltr' id='par_1_14' title="bbox 982 2967 2970 3168">
     <span class='ocr_line' id='line_1_31' title="bbox 1047 2967 2970 3042; baseline 0 -22"><span class='ocrx_word' id='word_1_300' title='bbox 1047 2988 1074 3020; x_wconf 84' lang='lat' dir='ltr'><strong>a</strong></span> <span class='ocrx_word' id='word_1_301' title='bbox 1106 2975 1245 3039; x_wconf 67' lang='lat' dir='ltr'><strong>Regis</strong></span> <span class='ocrx_word' id='word_1_302' title='bbox 1272 2979 1408 3042; x_wconf 71' lang='lat' dir='ltr'><strong>igitur</strong></span> <span class='ocrx_word' id='word_1_303' title='bbox 1436 2980 1511 3032; x_wconf 79' lang='lat' dir='ltr'><strong>hoc</strong></span> <span class='ocrx_word' id='word_1_304' title='bbox 1551 2983 1670 3036; x_wconf 77' lang='lat' dir='ltr'><strong>erit}</strong></span> <span class='ocrx_word' id='word_1_305' title='bbox 1732 2978 1963 3029; x_wconf 74' lang='lat' dir='ltr'><strong>Mariana</strong></span> <span class='ocrx_word' id='word_1_306' title='bbox 2077 2994 2110 3036; x_wconf 75' lang='lat'>4</span> <span class='ocrx_word' id='word_1_307' title='bbox 2142 2979 2300 3039; x_wconf 63' lang='lat' dir='ltr'><strong>Cafiam</strong></span> <span class='ocrx_word' id='word_1_308' title='bbox 2326 2976 2593 3035; x_wconf 77' lang='lat' dir='ltr'><strong>temperant]</strong></span> <span class='ocrx_word' id='word_1_309' title='bbox 2656 2967 2833 3016; x_wconf 81' lang='lat' dir='ltr'><strong>Partim</strong></span> <span class='ocrx_word' id='word_1_310' title='bbox 2870 2967 2970 3020; x_wconf 82' lang='lat' dir='ltr'><strong>fimt</strong></span> 
     </span>
     <span class='ocr_line' id='line_1_32' title="bbox 982 3031 2968 3102; baseline -0.004 -16"><span class='ocrx_word' id='word_1_311' title='bbox 982 3048 1086 3086; x_wconf 72' lang='lat' dir='ltr'><strong>xx!</strong></span> <span class='ocrx_word' id='word_1_312' title='bbox 1104 3073 1119 3097; x_wconf 93' lang='lat'>,</span> <span class='ocrx_word' id='word_1_313' title='bbox 1158 3054 1198 3084; x_wconf 88' lang='lat'><strong>1.</strong></span> <span class='ocrx_word' id='word_1_314' title='bbox 2017 3038 2251 3102; x_wconf 82' lang='lat' dir='ltr'><strong>fortuita,</strong></span> <span class='ocrx_word' id='word_1_315' title='bbox 2283 3036 2459 3101; x_wconf 79' lang='lat' dir='ltr'><strong>partim</strong></span> <span class='ocrx_word' id='word_1_316' title='bbox 2485 3031 2694 3094; x_wconf 87' lang='lat' dir='ltr'><strong>pendent</strong></span> <span class='ocrx_word' id='word_1_317' title='bbox 2719 3046 2745 3078; x_wconf 80' lang='lat' dir='ltr'><strong>a</strong></span> <span class='ocrx_word' id='word_1_318' title='bbox 2773 3048 2968 3081; x_wconf 80' lang='lat' dir='ltr'><strong>numero</strong></span> 
     </span>
     <span class='ocr_line' id='line_1_33' title="bbox 1039 3093 2969 3168; baseline -0.004 -22"><span class='ocrx_word' id='word_1_319' title='bbox 1039 3096 1070 3146; x_wconf 91' lang='lat' dir='ltr'><strong>b</strong></span> <span class='ocrx_word' id='word_1_320' title='bbox 1103 3101 1181 3148; x_wconf 82' lang='lat' dir='ltr'><strong>De</strong></span> <span class='ocrx_word' id='word_1_321' title='bbox 1205 3117 1300 3167; x_wconf 81' lang='lat' dir='ltr'><strong>rege</strong></span> <span class='ocrx_word' id='word_1_322' title='bbox 1335 3107 1530 3168; x_wconf 69' lang='lat' dir='ltr'><strong>captivo]</strong></span> <span class='ocrx_word' id='word_1_323' title='bbox 1562 3104 1686 3152; x_wconf 79' lang='lat' dir='ltr'><strong>vide</strong></span> <span class='ocrx_word' id='word_1_324' title='bbox 1722 3107 1959 3154; x_wconf 79' lang='lat' dir='ltr'><strong>Guiccz‘ar-</strong></span> <span class='ocrx_word' id='word_1_325' title='bbox 2019 3104 2068 3151; x_wconf 71' lang='grc' dir='ltr'><strong>ὃ(</strong></span> <span class='ocrx_word' id='word_1_326' title='bbox 2097 3106 2273 3153; x_wconf 85' lang='lat' dir='ltr'><strong>virtute</strong></span> <span class='ocrx_word' id='word_1_327' title='bbox 2309 3097 2584 3160; x_wconf 80' lang='lat' dir='ltr'><strong>copiarum,</strong></span> <span class='ocrx_word' id='word_1_328' title='bbox 2642 3097 2818 3157; x_wconf 84' lang='lat' dir='ltr'><strong>partim</strong></span> <span class='ocrx_word' id='word_1_329' title='bbox 2861 3110 2886 3142; x_wconf 72' lang='lat' dir='ltr'><strong>a</strong></span> <span class='ocrx_word' id='word_1_330' title='bbox 2924 3093 2969 3145; x_wconf 81' lang='lat' dir='ltr'><strong>vi</strong></span> 
     </span>
    </p>
   </div>
   <div class='ocr_carea' id='block_1_5' title="bbox 982 3159 2967 3284">
    <p class='ocr_par' dir='ltr' id='par_1_15' title="bbox 982 3159 2967 3284">
     <span class='ocr_line' id='line_1_34' title="bbox 982 3159 2209 3216; baseline 0.001 -8"><span class='ocrx_word' id='word_1_331' title='bbox 982 3159 1137 3208; x_wconf 78' lang='lat' dir='ltr'><strong>clinum</strong></span> <span class='ocrx_word' id='word_1_332' title='bbox 1159 3160 1244 3210; x_wconf 85' lang='lat' dir='ltr'><strong>lib.</strong></span> <span class='ocrx_word' id='word_1_333' title='bbox 1272 3177 1397 3214; x_wconf 67' lang='grc' dir='ltr'><strong>ΧΠ.</strong></span> <span class='ocrx_word' id='word_1_334' title='bbox 1431 3170 1481 3214; x_wconf 86' lang='lat'>&amp;</span> <span class='ocrx_word' id='word_1_335' title='bbox 1505 3165 1590 3215; x_wconf 87' lang='lat' dir='ltr'><strong>lib.</strong></span> <span class='ocrx_word' id='word_1_336' title='bbox 1624 3180 1811 3216; x_wconf 80' lang='lat' dir='ltr'><strong>xvrn.</strong></span> <span class='ocrx_word' id='word_1_337' title='bbox 1855 3181 1958 3214; x_wconf 85' lang='lat' dir='ltr'><strong>non</strong></span> <span class='ocrx_word' id='word_1_338' title='bbox 2017 3169 2209 3214; x_wconf 83' lang='lat' dir='ltr'><strong>mentis.</strong></span> 
     </span>
     <span class='ocr_line' id='line_1_35' title="bbox 982 3217 2967 3284; baseline -0.002 -13"><span class='ocrx_word' id='word_1_339' title='bbox 982 3226 1152 3271; x_wconf 87' lang='lat' dir='ltr'><strong>semel.</strong></span> <span class='ocrx_word' id='word_1_340' title='bbox 2080 3245 2100 3282; x_wconf 84' lang='lat'><em>5</em></span> <span class='ocrx_word' id='word_1_341' title='bbox 2136 3225 2224 3284; x_wconf 78' lang='lat' dir='ltr'><strong>Jus</strong></span> <span class='ocrx_word' id='word_1_342' title='bbox 2252 3219 2407 3268; x_wconf 80' lang='lat' dir='ltr'><strong>habeat</strong></span> <span class='ocrx_word' id='word_1_343' title='bbox 2436 3235 2519 3267; x_wconf 83' lang='lat' dir='ltr'><strong>non</strong></span> <span class='ocrx_word' id='word_1_344' title='bbox 2546 3217 2832 3284; x_wconf 74' lang='lat' dir='ltr'><strong>impeditum}</strong></span> <span class='ocrx_word' id='word_1_345' title='bbox 2887 3225 2967 3268; x_wconf 80' lang='lat' dir='ltr'><strong>Po·</strong></span> 
     </span>
    </p>
   </div>
   <div class='ocr_carea' id='block_1_6' title="bbox 978 3280 2960 3732">
    <p class='ocr_par' dir='ltr' id='par_1_16' title="bbox 978 3280 2960 3732">
     <span class='ocr_line' id='line_1_36' title="bbox 1046 3280 2682 3348; baseline -0.001 -17"><span class='ocrx_word' id='word_1_346' title='bbox 1046 3300 1073 3331; x_wconf 89' lang='lat' dir='ltr'><strong>c</strong></span> <span class='ocrx_word' id='word_1_347' title='bbox 1107 3288 1210 3333; x_wconf 86' lang='lat' dir='ltr'><strong>Non</strong></span> <span class='ocrx_word' id='word_1_348' title='bbox 1264 3284 1404 3334; x_wconf 80' lang='lat' dir='ltr'><strong>uidem</strong></span> <span class='ocrx_word' id='word_1_349' title='bbox 1422 3289 1503 3346; x_wconf 71' lang='lat' dir='ltr'><strong>jm</strong></span> <span class='ocrx_word' id='word_1_350' title='bbox 1532 3297 1701 3348; x_wconf 83' lang='lat' dir='ltr'><strong>totum]</strong></span> <span class='ocrx_word' id='word_1_351' title='bbox 1731 3294 1959 3339; x_wconf 75' lang='lat' dir='ltr'><strong>Arumaeus</strong></span> <span class='ocrx_word' id='word_1_352' title='bbox 2023 3289 2188 3338; x_wconf 81' lang='lat' dir='ltr'><strong>testate</strong></span> <span class='ocrx_word' id='word_1_353' title='bbox 2218 3283 2296 3332; x_wconf 82' lang='lat' dir='ltr'><strong>sua</strong></span> <span class='ocrx_word' id='word_1_354' title='bbox 2320 3280 2476 3330; x_wconf 82' lang='lat' dir='ltr'><strong>libere</strong></span> <span class='ocrx_word' id='word_1_355' title='bbox 2503 3293 2682 3330; x_wconf 84' lang='lat' dir='ltr'><strong>utatur.</strong></span> 
     </span>
     <span class='ocr_line' id='line_1_37' title="bbox 979 3343 2960 3417; baseline 0 -25"><span class='ocrx_word' id='word_1_356' title='bbox 979 3347 1204 3394; x_wconf 69' lang='lat' dir='ltr'><strong>inaurcae</strong></span> <span class='ocrx_word' id='word_1_357' title='bbox 1270 3349 1374 3397; x_wconf 82' lang='lat' dir='ltr'><strong>ullae</strong></span> <span class='ocrx_word' id='word_1_358' title='bbox 1412 3350 1654 3401; x_wconf 66' lang='lat' dir='ltr'><strong>discursu:</strong></span> <span class='ocrx_word' id='word_1_359' title='bbox 1698 3353 1957 3417; x_wconf 64' lang='lat' dir='ltr'><strong>Rudolphas</strong></span> <span class='ocrx_word' id='word_1_360' title='bbox 2079 3358 2106 3395; x_wconf 89' lang='lat'>6</span> <span class='ocrx_word' id='word_1_361' title='bbox 2139 3351 2253 3411; x_wconf 66' lang='lat' dir='ltr'><strong>Lege</strong></span> <span class='ocrx_word' id='word_1_362' title='bbox 2275 3343 2516 3405; x_wconf 80' lang='lat' dir='ltr'><strong>definitur]</strong></span> <span class='ocrx_word' id='word_1_363' title='bbox 2566 3351 2682 3405; x_wconf 84' lang='lat' dir='ltr'><strong>Quo</strong></span> <span class='ocrx_word' id='word_1_364' title='bbox 2713 3347 2866 3393; x_wconf 78' lang='lat' dir='ltr'><strong>aetatis</strong></span> <span class='ocrx_word' id='word_1_365' title='bbox 2893 3360 2960 3392; x_wconf 83' lang='lat' dir='ltr'><strong>an·</strong></span> 
     </span>
     <span class='ocr_line' id='line_1_38' title="bbox 987 3408 2960 3481; baseline -0.003 -24"><span class='ocrx_word' id='word_1_366' title='bbox 987 3409 1235 3457; x_wconf 66' lang='lat' dir='ltr'><strong>Palatinus</strong></span> <span class='ocrx_word' id='word_1_367' title='bbox 1261 3425 1376 3459; x_wconf 78' lang='lat' dir='ltr'><strong>metu</strong></span> <span class='ocrx_word' id='word_1_368' title='bbox 1420 3418 1467 3461; x_wconf 78' lang='lat' dir='ltr'><strong>in</strong></span> <span class='ocrx_word' id='word_1_369' title='bbox 1500 3416 1718 3476; x_wconf 84' lang='lat' dir='ltr'><strong>Angliam</strong></span> <span class='ocrx_word' id='word_1_370' title='bbox 1754 3421 1955 3481; x_wconf 76' lang='lat' dir='ltr'><strong>profuge.</strong></span> <span class='ocrx_word' id='word_1_371' title='bbox 2016 3426 2081 3460; x_wconf 84' lang='lat' dir='ltr'><strong>no</strong></span> <span class='ocrx_word' id='word_1_372' title='bbox 2110 3426 2137 3458; x_wconf 79' lang='lat' dir='ltr'><strong>a</strong></span> <span class='ocrx_word' id='word_1_373' title='bbox 2166 3409 2313 3458; x_wconf 86' lang='lat' dir='ltr'><strong>tutela</strong></span> <span class='ocrx_word' id='word_1_374' title='bbox 2337 3421 2422 3455; x_wconf 82' lang='lat' dir='ltr'><strong>aut</strong></span> <span class='ocrx_word' id='word_1_375' title='bbox 2445 3424 2556 3455; x_wconf 85' lang='lat' dir='ltr'><strong>cura</strong></span> <span class='ocrx_word' id='word_1_376' title='bbox 2581 3408 2703 3456; x_wconf 85' lang='lat' dir='ltr'><strong>liber</strong></span> <span class='ocrx_word' id='word_1_377' title='bbox 2734 3408 2960 3455; x_wconf 85' lang='lat' dir='ltr'><strong>habeatur.</strong></span> 
     </span>
     <span class='ocr_line' id='line_1_39' title="bbox 988 3468 2957 3542; baseline -0.002 -23"><span class='ocrx_word' id='word_1_378' title='bbox 988 3485 1093 3527; x_wconf 82' lang='lat' dir='ltr'><strong>rat,</strong></span> <span class='ocrx_word' id='word_1_379' title='bbox 1139 3475 1355 3522; x_wconf 73' lang='lat' dir='ltr'><strong>Henricus</strong></span> <span class='ocrx_word' id='word_1_380' title='bbox 1391 3478 1681 3542; x_wconf 75' lang='lat' dir='ltr'><strong>Mogunu‘nus</strong></span> <span class='ocrx_word' id='word_1_381' title='bbox 1716 3494 1748 3524; x_wconf 88' lang='lat' dir='ltr'><em>a</em></span> <span class='ocrx_word' id='word_1_382' title='bbox 1792 3484 1953 3528; x_wconf 83' lang='lat' dir='ltr'><strong>Treve-</strong></span> <span class='ocrx_word' id='word_1_383' title='bbox 2079 3491 2107 3535; x_wconf 96' lang='lat'>7</span> <span class='ocrx_word' id='word_1_384' title='bbox 2142 3474 2384 3521; x_wconf 75' lang='lat' dir='ltr'><strong>Obnoxiam</strong></span> <span class='ocrx_word' id='word_1_385' title='bbox 2408 3472 2587 3528; x_wconf 81' lang='lat' dir='ltr'><strong>vivere]</strong></span> <span class='ocrx_word' id='word_1_386' title='bbox 2652 3472 2830 3520; x_wconf 73' lang='lat' dir='ltr'><strong>servire</strong></span> <span class='ocrx_word' id='word_1_387' title='bbox 2864 3468 2957 3532; x_wconf 80' lang='lat' dir='ltr'><strong>cogi</strong></span> 
     </span>
     <span class='ocr_line' id='line_1_40' title="bbox 981 3533 2642 3599; baseline 0 -17"><span class='ocrx_word' id='word_1_388' title='bbox 981 3536 1100 3595; x_wconf 78' lang='lat' dir='ltr'><strong>renfi</strong></span> <span class='ocrx_word' id='word_1_389' title='bbox 1118 3541 1168 3582; x_wconf 79' lang='grc' dir='ltr'><strong>υἱ</strong></span> <span class='ocrx_word' id='word_1_390' title='bbox 1204 3551 1302 3585; x_wconf 81' lang='lat' dir='ltr'><strong>erat</strong></span> <span class='ocrx_word' id='word_1_391' title='bbox 1337 3539 1513 3598; x_wconf 61' lang='lat' dir='ltr'><strong>ejeffus.</strong></span> <span class='ocrx_word' id='word_1_392' title='bbox 1583 3542 1847 3590; x_wconf 65' lang='lat' dir='ltr'><strong>Eletluram</strong></span> <span class='ocrx_word' id='word_1_393' title='bbox 1885 3554 1953 3587; x_wconf 80' lang='lat' dir='ltr'><strong>ta·</strong></span> <span class='ocrx_word' id='word_1_394' title='bbox 2016 3539 2090 3599; x_wconf 85' lang='lat' dir='ltr'><strong>ei,</strong></span> <span class='ocrx_word' id='word_1_395' title='bbox 2125 3539 2250 3596; x_wconf 73' lang='lat' dir='ltr'><strong>cuius</strong></span> <span class='ocrx_word' id='word_1_396' title='bbox 2278 3537 2326 3583; x_wconf 83' lang='lat' dir='ltr'><strong>in</strong></span> <span class='ocrx_word' id='word_1_397' title='bbox 2355 3534 2534 3596; x_wconf 76' lang='lat' dir='ltr'><strong>finibus</strong></span> <span class='ocrx_word' id='word_1_398' title='bbox 2559 3533 2642 3582; x_wconf 86' lang='lat' dir='ltr'><strong>est.</strong></span> 
     </span>
     <span class='ocr_line' id='line_1_41' title="bbox 978 3594 2955 3667; baseline -0.003 -20"><span class='ocrx_word' id='word_1_399' title='bbox 978 3616 1075 3647; x_wconf 79' lang='lat' dir='ltr'><strong>men</strong></span> <span class='ocrx_word' id='word_1_400' title='bbox 1106 3614 1152 3645; x_wconf 84' lang='lat' dir='ltr'><strong>eo</strong></span> <span class='ocrx_word' id='word_1_401' title='bbox 1181 3616 1264 3647; x_wconf 82' lang='lat' dir='ltr'><strong>non</strong></span> <span class='ocrx_word' id='word_1_402' title='bbox 1289 3603 1534 3667; x_wconf 82' lang='lat' dir='ltr'><strong>perdidere.</strong></span> <span class='ocrx_word' id='word_1_403' title='bbox 2082 3613 2103 3650; x_wconf 82' lang='lat'><em>8</em></span> <span class='ocrx_word' id='word_1_404' title='bbox 2137 3603 2274 3647; x_wconf 62' lang='lat' dir='ltr'><em>Laxat</em></span> <span class='ocrx_word' id='word_1_405' title='bbox 2301 3594 2520 3655; x_wconf 67' lang='lat' dir='ltr'><strong>custodiae]</strong></span> <span class='ocrx_word' id='word_1_406' title='bbox 2584 3603 2637 3645; x_wconf 87' lang='lat' dir='ltr'><strong>In</strong></span> <span class='ocrx_word' id='word_1_407' title='bbox 2668 3596 2845 3662; x_wconf 87' lang='lat' dir='ltr'><strong>quibus</strong></span> <span class='ocrx_word' id='word_1_408' title='bbox 2874 3609 2955 3644; x_wconf 81' lang='lat' dir='ltr'><strong>non</strong></span> 
     </span>
     <span class='ocr_line' id='line_1_42' title="bbox 1048 3660 2955 3732; baseline -0.004 -22"><span class='ocrx_word' id='word_1_409' title='bbox 1048 3660 1081 3711; x_wconf 83' lang='lat' dir='ltr'><strong>d</strong></span> <span class='ocrx_word' id='word_1_410' title='bbox 1110 3663 1331 3713; x_wconf 71' lang='lat' dir='ltr'><strong>Pacem&#39;m</strong></span> <span class='ocrx_word' id='word_1_411' title='bbox 1344 3669 1499 3726; x_wconf 83' lang='lat' dir='ltr'><strong>facere</strong></span> <span class='ocrx_word' id='word_1_412' title='bbox 1517 3668 1702 3732; x_wconf 74' lang='lat' dir='ltr'><strong>poterit]</strong></span> <span class='ocrx_word' id='word_1_413' title='bbox 1732 3667 1958 3722; x_wconf 66' lang='lat' dir='ltr'><strong>Lucanus.-</strong></span> <span class='ocrx_word' id='word_1_414' title='bbox 2018 3664 2212 3730; x_wconf 87' lang='lat' dir='ltr'><strong>quidem</strong></span> <span class='ocrx_word' id='word_1_415' title='bbox 2241 3662 2429 3710; x_wconf 66' lang='lat' dir='ltr'><strong>vinetus</strong></span> <span class='ocrx_word' id='word_1_416' title='bbox 2452 3660 2518 3708; x_wconf 88' lang='lat' dir='ltr'><strong>est</strong></span> <span class='ocrx_word' id='word_1_417' title='bbox 2543 3661 2749 3724; x_wconf 75' lang='lat' dir='ltr'><strong>aliquiS,</strong></span> <span class='ocrx_word' id='word_1_418' title='bbox 2784 3675 2872 3709; x_wconf 85' lang='lat' dir='ltr'><strong>nec</strong></span> <span class='ocrx_word' id='word_1_419' title='bbox 2901 3671 2955 3705; x_wconf 84' lang='lat' dir='ltr'><strong>ta-</strong></span> 
     </span>
    </p>
   </div>
   <div class='ocr_carea' id='block_1_7' title="bbox 1109 3717 2954 3849">
    <p class='ocr_par' dir='ltr' id='par_1_17' title="bbox 1109 3717 2954 3849">
     <span class='ocr_line' id='line_1_43' title="bbox 1109 3717 2954 3811; baseline -0.008 -30"><span class='ocrx_word' id='word_1_420' title='bbox 1109 3765 1167 3811; x_wconf 75' lang='lat' dir='ltr'><em>V</em></span> <span class='ocrx_word' id='word_1_421' title='bbox 1189 3763 1200 3772; x_wconf 87' lang='lat'>-</span> <span class='ocrx_word' id='word_1_422' title='bbox 1362 3769 1374 3779; x_wconf 91' lang='lat'><strong>.</strong></span> <span class='ocrx_word' id='word_1_423' title='bbox 1649 3768 1660 3778; x_wconf 91' lang='lat'><em>.</em></span> <span class='ocrx_word' id='word_1_424' title='bbox 2019 3743 2120 3774; x_wconf 82' lang='lat' dir='ltr'><strong>rnen</strong></span> <span class='ocrx_word' id='word_1_425' title='bbox 2151 3723 2220 3773; x_wconf 87' lang='lat' dir='ltr'><strong>sui</strong></span> <span class='ocrx_word' id='word_1_426' title='bbox 2242 3724 2456 3785; x_wconf 71' lang='lat' dir='ltr'><strong>arbitrii,</strong></span> <span class='ocrx_word' id='word_1_427' title='bbox 2502 3736 2555 3771; x_wconf 89' lang='lat' dir='ltr'><strong>ut</strong></span> <span class='ocrx_word' id='word_1_428' title='bbox 2584 3728 2814 3773; x_wconf 82' lang='lat' dir='ltr'><strong>Vonones</strong></span> <span class='ocrx_word' id='word_1_429' title='bbox 2851 3717 2954 3787; x_wconf 76' lang='lat' dir='ltr'><strong>apud</strong></span> 
     </span>
     <span class='ocr_line' id='line_1_44' title="bbox 1157 3764 2564 3849; baseline -0.001 -40"><span class='ocrx_word' id='word_1_430' title='bbox 1157 3779 1244 3820; x_wconf 82' lang='lat' dir='ltr'><strong>eyos</strong></span> <span class='ocrx_word' id='word_1_431' title='bbox 1268 3764 1496 3820; x_wconf 75' lang='lat' dir='ltr'><strong>habztante</strong></span> <span class='ocrx_word' id='word_1_432' title='bbox 1532 3765 1723 3813; x_wconf 61' lang='lat' dir='ltr'><strong>Camillo</strong></span> <span class='ocrx_word' id='word_1_433' title='bbox 2017 3793 2216 3838; x_wconf 68' lang='lat' dir='ltr'><strong>Tacitum</strong></span> <span class='ocrx_word' id='word_1_434' title='bbox 2245 3806 2303 3849; x_wconf 61' lang='lat'><strong>2,</strong></span> <span class='ocrx_word' id='word_1_435' title='bbox 2335 3788 2492 3835; x_wconf 42' lang='lat' dir='ltr'><strong>annal·</strong></span> <span class='ocrx_word' id='word_1_436' title='bbox 2516 3803 2564 3843; x_wconf 46' lang='lat'><strong>4·</strong></span> 
     </span>
    </p>
   </div>
   <div class='ocr_carea' id='block_1_8' title="bbox 1044 3823 2956 3920">
    <p class='ocr_par' dir='ltr' id='par_1_18' title="bbox 1044 3823 2956 3920">
     <span class='ocr_line' id='line_1_45' title="bbox 1044 3823 2956 3920; baseline 0.009 -49"><span class='ocrx_word' id='word_1_437' title='bbox 1044 3823 1149 3873; x_wconf 82' lang='lat' dir='ltr'><strong>Illic</strong></span> <span class='ocrx_word' id='word_1_438' title='bbox 1172 3828 1325 3877; x_wconf 76' lang='lat' dir='ltr'><strong>Roma</strong></span> <span class='ocrx_word' id='word_1_439' title='bbox 1342 3832 1458 3890; x_wconf 75' lang='lat' dir='ltr'><strong>fuit.</strong></span> <span class='ocrx_word' id='word_1_440' title='bbox 1491 3827 1670 3893; x_wconf 77' lang='lat' dir='ltr'><strong>(Phats.</strong></span> <span class='ocrx_word' id='word_1_441' title='bbox 1703 3841 1754 3876; x_wconf 88' lang='lat' dir='ltr'><strong>v.</strong></span> <span class='ocrx_word' id='word_1_442' title='bbox 1788 3826 1894 3890; x_wconf 76' lang='lat'>28.)</span> <span class='ocrx_word' id='word_1_443' title='bbox 2071 3870 2098 3908; x_wconf 83' lang='lat'><em>9</em></span> <span class='ocrx_word' id='word_1_444' title='bbox 2132 3852 2309 3913; x_wconf 68' lang='lat' dir='ltr'><strong>Consilii</strong></span> <span class='ocrx_word' id='word_1_445' title='bbox 2336 3852 2535 3920; x_wconf 72' lang='lat' dir='ltr'><strong>publici]</strong></span> <span class='ocrx_word' id='word_1_446' title='bbox 2599 3857 2801 3904; x_wconf 79' lang='lat' dir='ltr'><strong>Senatus</strong></span> <span class='ocrx_word' id='word_1_447' title='bbox 2824 3845 2956 3899; x_wconf 77' lang='lat' dir='ltr'><strong>comi-</strong></span> 
     </span>
    </p>
   </div>
   <div class='ocr_carea' id='block_1_9' title="bbox 981 3913 2956 4126">
    <p class='ocr_par' dir='ltr' id='par_1_19' title="bbox 981 3913 2956 4126">
     <span class='ocr_line' id='line_1_46' title="bbox 981 3913 2213 3991; baseline 0.009 -30"><span class='ocrx_word' id='word_1_448' title='bbox 981 3913 1107 3962; x_wconf 72' lang='lat' dir='ltr'><strong>Vide</strong></span> <span class='ocrx_word' id='word_1_449' title='bbox 1143 3918 1442 3982; x_wconf 68' lang='lat' dir='ltr'><strong>chaffiznaem</strong></span> <span class='ocrx_word' id='word_1_450' title='bbox 1484 3922 1546 3971; x_wconf 81' lang='lat' dir='ltr'><strong>de</strong></span> <span class='ocrx_word' id='word_1_451' title='bbox 1586 3922 1742 3991; x_wconf 75' lang='lat' dir='ltr'><strong>gloria</strong></span> <span class='ocrx_word' id='word_1_452' title='bbox 1783 3919 1954 3976; x_wconf 74' lang='lat' dir='ltr'><strong>mundi</strong></span> <span class='ocrx_word' id='word_1_453' title='bbox 2011 3918 2213 3971; x_wconf 72' lang='lat' dir='ltr'><strong>tiorum.</strong></span> 
     </span>
     <span class='ocr_line' id='line_1_47' title="bbox 985 3984 1539 4048; baseline 0.005 -6"><span class='ocrx_word' id='word_1_454' title='bbox 985 3989 1127 4042; x_wconf 70' lang='lat' dir='ltr'><strong>parte</strong></span> <span class='ocrx_word' id='word_1_455' title='bbox 1153 3991 1220 4042; x_wconf 69' lang='lat' dir='ltr'><strong>v,</strong></span> <span class='ocrx_word' id='word_1_456' title='bbox 1250 3984 1432 4044; x_wconf 63' lang='lat' dir='ltr'><strong>consid.</strong></span> <span class='ocrx_word' id='word_1_457' title='bbox 1456 4002 1539 4048; x_wconf 73' lang='lat'><strong>42.</strong></span> 
     </span>
     <span class='ocr_line' id='line_1_48' title="bbox 2783 4061 2956 4126; baseline -0.04 -9"><span class='ocrx_word' id='word_1_458' title='bbox 2783 4080 2837 4117; x_wconf 84' lang='lat'><strong>10</strong></span> <span class='ocrx_word' id='word_1_459' title='bbox 2872 4061 2956 4126; x_wconf 52' lang='lat' dir='ltr'><strong>Seni</strong></span> 
     </span>
    </p>
   </div>
  </div>
 </body>
</html>
