3182 5113
1470 441 2106 507 INDEX&

628 555 719 603 l’ar
748 555 846 617 pati
874 548 1045 600 referte
1072 548 1185 614 juris
1219 547 1437 616 gentium
1470 559 1568 609 quo
1603 541 1752 594 sensu.
1807 546 2151 594 Patrimonium
2177 544 2339 611 populi
2358 548 2439 592 rex
2451 538 2658 590 alienare
2686 556 2784 587 non
2814 559 2898 603 po..

1504 628 1528 659 2
1549 645 1562 666 ,
1601 628 1690 668 20,
1729 618 1750 656 8
1864 608 1970 658 test.
2007 626 2067 665 2,
2101 618 2158 666 6,
2196 628 2270 661 11.
2307 611 2431 660 iuius
2460 620 2592 670 patS,
2627 605 2673 653 id
2701 604 2898 658 est‚doa

630 687 769 731 Pares
799 678 1040 729 sententiat
1066 679 1188 730 nihil
1213 691 1378 745 agunt.
1507 694 1534 724 2
1554 711 1567 731 ,
1607 693 1626 731 5
1649 710 1664 729 ‚
1700 684 1747 720 18
1863 672 2000 723 minii
2026 689 2053 722 a
2079 688 2188 738 rege
2215 670 2520 741 oppignorari
2546 682 2625 719 cur
2657 667 2812 733 poffit.
2848 690 2871 719 2
2891 709 2904 729 ,

632 741 992 810 Παρρὲδε-ιγμσι.
1446 758 1502 797 2,
1532 757 1619 797 20,
1651 754 1747 794 9,1
2753 743 2810 789 6,
2847 752 2897 791 13

629 817 828 860 Parcere
868 817 1135 862 stoicorum
1170 809 1294 859 nihil
1324 805 1483 858 differt
1523 805 1582 853 ab
1610 806 1751 868 igno·
1806 805 1957 852 Patria
1993 798 2195 865 potestas
2227 803 2358 865 quid.
2684 797 2742 856 f,
2781 814 2798 844 1
2824 835 2837 855 ,
2877 820 2896 856 ς

701 876 825 924 scere
853 878 1003 942 vulgi.
1471 888 1498 919 2
1518 905 1532 927 ,
1564 887 1626 918 20
1648 904 1663 926 ,
1696 886 1755 922 29
1807 884 1890 933 pro
1909 870 2063 917 Patria
2090 870 2203 916 civis
2230 871 2377 917 etiam
2402 869 2631 917 innocens
2661 863 2905 915 serenetur

630 946 858 991 Parentes
886 942 1065 991 alendi,
1443 953 1500 992 2,
1535 952 1560 992 7
1583 970 1597 992 ,
1637 952 1692 989 5,
1731 950 1749 980 1
1871 934 1990 982 hosti
2025 934 2193 983 dedere
2221 936 2271 983 &
2300 935 2438 983 mori.
2659 943 2715 982 2,
2753 944 2806 983 25
2832 964 2844 984 ‚
2883 949 2901 985 3

634 1012 860 1057 Pate-*ntes
917 1007 1095 1056 liberos
1143 1006 1397 1071 pignorare
1448 1016 1504 1050 ae
1552 999 1757 1048 vendere
1810 1001 1956 1047 Patris
1987 999 2238 1063 imperium
2267 999 2541 1047 naturaliter
2573 994 2910 1060 praeferturim-

699 1070 898 1135 quando
928 1072 1125 1134 poffint.
1542 1081 1601 1123 2,
1642 1083 1696 1120 5,
1735 1081 1753 1118 5
1873 1064 2002 1126 perio
2029 1066 2214 1114 matris.
2703 1073 2759 1114 2,
2798 1075 2817 1113 5
2842 1093 2854 1114 ,
2888 1075 2906 1106 1

640 1141 865 1187 Parentes
901 1137 968 1185 dii
995 1137 1197 1201 quidam
1233 1133 1354 1181 inter
1392 1130 1633 1179 homines.
1663 1146 1759 1186 pro·
1813 1129 2134 1176 Patrocinium
2173 1144 2271 1178 non
2313 1127 2448 1177 tollit
2485 1124 2755 1175 libertatem
2790 1125 2916 1181 ejus,

706 1205 784 1265 leg.
814 1217 907 1266 pag.
946 1222 995 1262 4.
1029 1199 1328 1262 magistratus
1367 1195 1602 1244 naturales
1639 1191 1761 1242 sunt.
1871 1195 1944 1242 cui
1967 1195 2338 1256 patrocinamur.
2673 1202 2727 1243 1,
2766 1203 2820 1243 3,
2859 1201 2912 1236 ιι

708 1284 770 1323 2,
792 1284 884 1324 20,
902 1281 976 1320 30.
995 1267 1179 1328 utrique
1207 1265 1278 1323 jus
1303 1262 1482 1311 habent
1507 1260 1557 1307 in
1590 1256 1764 1307 liberos
1815 1263 2090 1307 Patronatus
2116 1262 2187 1318 jus
2216 1276 2295 1322 per
2322 1256 2644 1307 haereditatem
2674 1252 2789 1300 adiri
2837 1268 2918 1311 po-

710 1334 811 1390 ῖῦῐθ
838 1330 1060 1379 naturali·
1079 1347 1106 1378 2
1124 1364 1137 1384 ‚
1160 1346 1177 1383 ς
1198 1364 1212 1385 ,
1231 1344 1271 1378 1.
1307 1342 1408 1376 non
1437 1324 1633 1388 regendi
1657 1337 1762 1371 tan·
1884 1322 1971 1373 test
1997 1359 2010 1381 ,
2058 1324 2206 1372 etiam
2247 1338 2357 1374 curn
2396 1322 2636 1371 bonorum
2680 1318 2921 1365 haereditas

506 1430 554 1443 ψ
707 1409 816 1443 tum
860 1410 944 1443 eos
986 1392 1065 1442 sed
1111 1397 1163 1442 δι
1202 1390 1473 1441 co‘e‘rcendi.
1511 1406 1537 1437 2
1566 1422 1581 1445 ‚
1621 1405 1639 1445 5
1671 1423 1684 1444 ‚
1719 1408 1766 1448 4.
1874 1405 1975 1436 non
2003 1389 2172 1441 aditur.
2678 1399 2732 1437 2,
2770 1398 2828 1438 7,
2864 1398 2915 1436 19

709 1461 860 1509 etiam
885 1457 1258 1523 oppignorandi.
1294 1475 1320 1506 2
1338 1492 1350 1513 ,
1370 1473 1412 1513 ς,
1431 1473 1471 1512 ς.
1493 1457 1541 1502 &
1563 1470 1589 1501 2
1610 1488 1623 1510 ,
1643 1471 1660 1509 5
1683 1468 1770 1509 ,29
1821 1455 2104 1502 Patruelium
2131 1455 2353 1519 coniugia
2385 1453 2547 1504 veritat
2675 1462 2702 1494 2
2722 1480 2735 1501 2
2772 1463 2790 1501 5
2819 1482 2833 1503 2
2871 1463 2922 1507 ¹41
2957 1469 2962 1475 ⁴

648 1524 922 1576 Parentibus
952 1524 1146 1572 debetur
1177 1522 1453 1570 reverentia.
1486 1524 1582 1567 vide
1612 1525 1771 1567 Reven
1826 1524 2077 1567 Paucorum
2104 1520 2392 1568 dominatio,
2424 1524 2520 1566 vide
2535 1510 2838 1564 nominatio,

716 1591 888 1640 rentia.
924 1590 975 1637 in
1001 1589 1057 1636 iis
1087 1603 1189 1650 quae
1219 1587 1323 1635 sunt
1360 1598 1529 1634 contra
1555 1586 1625 1642 jus
1652 1582 1773 1630 divi·
1826 1586 1989 1632 Paulus
2012 1584 2267 1646 Apostolus
2281 1598 2380 1632 non
2405 1580 2642 1646 improbat
2673 1574 2924 1638 praefidium

714 1671 833 1704 num
874 1668 952 1702 aut
990 1655 1258 1701 humanum
1309 1667 1409 1699 non
1440 1650 1768 1710 obtemperari·
1886 1650 2111 1698 militare.
2592 1660 2646 1698 1,
2684 1657 2742 1697 2,
2771 1656 2829 1695 7,
2871 1657 2919 1688 11
2976 1663 2981 1671 ·

715 1719 850 1768 dum.
885 1737 943 1775 2,
976 1728 1063 1773 26,
1106 1736 1147 1772 3·
1186 1719 1235 1765 in
1264 1732 1345 1776 eos
1366 1716 1446 1777 qui
1476 1715 1524 1762 in
1561 1725 1776 1775 parentes
1831 1720 1922 1762 Pax
1952 1712 2080 1775 quid.
2116 1728 2168 1769 3,
2195 1730 2285 1769 20,
2320 1716 2393 1768 3'2'.
2423 1707 2587 1758 dicitur
2622 1708 2680 1755 de
2711 1703 2931 1765 pluribus,-

715 1783 853 1847 impii
883 1785 1016 1839 sunt,
1050 1782 1219 1844 justum
1260 1781 1444 1830 bellum
1477 1778 1557 1829 est.
1597 1795 1652 1837 2,
1688 1794 1745 1825 20
1765 1813 1777 1833 ,
1894 1794 1914 1832 3
1936 1811 1948 1834 ,
1969 1793 2019 1825 21
2041 1812 2054 1835 ,
2075 1794 2114 1827 1.
2141 1792 2199 1824 an
2228 1776 2445 1826 amicitiae
2472 1786 2659 1821 tantum
2691 1766 2823 1816 causa
2855 1768 2925 1817 sit.

1718 1862 1779 1901 40
1892 1859 1912 1898 3
1938 1876 1951 1899 ‚
1966 1847 2027 1891 20
2043 1878 2056 1899 ,
2074 1860 2151 1902 40.
2178 1842 2308 1889 bello
2336 1836 2659 1889 favorabilior.
2677 1849 2701 1880 2
2723 1868 2735 1889 ‚
2757 1841 2813 1881 16
2831 1867 2844 1889 ,
2862 1850 2928 1883 ιο.

658 1917 917 1964 Parentum
959 1913 1029 1971 ius
1068 1915 1118 1960 in
1157 1910 1331 1962 liberos
1370 1907 1627 1956 secundum
1660 1921 1776 1955 tern-
1890 1908 2093 1968 ideoque
2118 1907 2161 1955 ei
2188 1904 2493 1968 praeferenda.
2533 1914 2587 1958 2,
2608 1918 2660 1955 23
2686 1908 2760 1948 ,6.
2788 1898 2931 1945 etiam'

724 1993 806 2040 pus
832 1977 1144 2039 distinguitur.
1371 1990 1426 2024 2.
1462 1991 1482 2029 5
1506 2008 1520 2030 ,
1561 1990 1619 2029 2,
1660 1988 1679 2025 3
1703 2008 1715 2029 ,
1755 1982 1779 2018 6
1894 1974 2247 2035 qualiscunque.
2685 1979 2704 2014 3
2728 1997 2741 2018 ,
2779 1980 2832 2017 25
2854 1995 2866 2016 2
2903 1978 2922 2014 3

661 2046 921 2089 Parentum
949 2057 1056 2090 cum
1090 2041 1247 2091 liberis
1274 2034 1587 2092 matrimonia
1614 2050 1783 2084 contra
1837 2042 1931 2085 Pax
1974 2032 2251 2084 Christianis
2281 2034 2439 2096 qualis
2462 2030 2600 2080 fuerit
2627 2025 2673 2074 in
2701 2026 2931 2088 primitiva

728 2107 799 2165 jus
828 2121 1019 2156 naturae.
1343 2122 1369 2153 2
1391 2138 1404 2159 ‚
1444 2121 1464 2159 5
1484 2137 1497 2158 ,
1538 2118 1597 2150 12
1619 2136 1634 2156 ,
1666 2118 1722 2157 2,
1765 2120 1782 2156 ς
1893 2101 2105 2152 ecclesia.
2134 2118 2151 2147 r
2175 2118 2228 2156 ‚2
2249 2117 2320 2157 ‚9.
2353 2110 2402 2144 ut
2432 2096 2489 2143 ab
2516 2096 2678 2155 aliquo
2700 2106 2801 2137 cum
2829 2090 2933 2136 aliis

1896 2166 2011 2224 juste
2037 2167 2245 2220 ineatur,
2280 2163 2514 2211 summam
2545 2156 2860 2219 requiritur·ut
2898 2154 2936 2200 is

1898 2232 2071 2279 habeat
2103 2230 2398 2291 potestatem.
2437 2242 2455 2273 1
2476 2260 2487 2282 ‚
2510 2242 2529 2278 3
2555 2231 2621 2278 ‚6.
2641 2223 2689 2270 δι
2712 2237 2729 2272 3
2753 2254 2764 2274 ‚
2783 2235 2840 2265 20
2858 2251 2868 2269 ‚
2893 2231 2936 2264 1.

1901 2297 2063 2360 itaque
2099 2311 2187 2342 nec
2227 2294 2330 2341 duci
2375 2306 2482 2338 eam
2521 2288 2637 2334 inire
2673 2278 2938 2330 concessum

1903 2361 1995 2418 est,
2030 2363 2175 2408 etiam
2204 2374 2311 2407 cum
2335 2356 2515 2403 summo
2542 2353 2639 2408 iure
2665 2348 2791 2394 bello
2826 2360 2941 2407 prae-

1902 2423 1982 2472 est.
2022 2441 2055 2478 ‚3
2083 2460 2096 2481 ,
2131 2441 2190 2471 22
2222 2458 2235 2479 ,
2273 2424 2317 2476 7''.
2354 2418 2515 2482 quibus
2548 2410 2803 2464 rationibus
2838 2408 2943 2454 iniri

1905 2487 2043 2549 poffit
2065 2523 2078 2542 ‚
2115 2489 2234 2534 inter
2260 2500 2345 2531 eos
2373 2484 2449 2542 qui
2479 2480 2622 2529 ambo
2650 2475 2816 2536 justam
2844 2472 2944 2518 bel-

1905 2554 1942 2602 li
1975 2552 2163 2603 causam
2196 2544 2401 2599 habuisse
2432 2550 2604 2595 volunt
2632 2540 2846 2595 videri.3‚
2868 2554 2949 2593 κο,

2887 2617 2903 2646 1
2922 2617 2936 2645 1

1850 2688 1943 2731 Pax
1978 2698 2038 2729 an
2072 2680 2260 2730 libertas
2294 2676 2598 2739 praeferenda.
2676 2687 2699 2716 2
2726 2703 2738 2721 ‚
2776 2685 2868 2738 ²4.’
2903 2674 2946 2713 6.

1912 2746 2099 2809 prodest
2135 2747 2189 2793 iis
2218 2741 2486 2791 volentibus
2511 2750 2631 2801 quos
2668 2736 2715 2780 δι
2747 2732 2948 2791 obhgat.

2708 2811 2728 2846 3
2754 2829 2764 2847 2
2794 2810 2880 2849 20,
2918 2806 2952 2849 4·

1850 2881 1942 2924 Pax
1968 2873 2183 2937 religiose
2211 2869 2451 2921 servanda.
2517 2920 2529 2931 ⁸
2618 2875 2671 2929 33
2701 2874 2793 2929 ,²57
2832 2874 2848 2903 1
2871 2893 2883 2913 ‚
2923 2873 2947 2907 7

1593 2961 1620 2991 2
1640 2975 1652 2996 ,
1673 2951 1694 2987 8
1715 2975 1727 2997 ‚
1748 2950 1800 2986 18
1860 2946 1951 2987 Pax
1983 2940 2110 2985 utilis
2149 2930 2450 2986 validioribus
2471 2959 2482 2981 ,
2517 2921 2866 2969 invalidioribus
2902 2923 2949 2968 &c

684 3011 1477 3059 I’artusmattcmnaturaliternon
1493 3008 1801 3070 magisquam
1918 3001 2119 3066 paribus·
2707 2999 2760 3040 3,
2801 3002 2885 3040 25,
2924 3002 2943 3036 ς

750 3089 932 3134 patrem
960 3073 1176 3134 sequitur.
1463 3093 1520 3128 2,
1554 3090 1610 3129 5,
1653 3087 1739 3124 29,
1778 3084 1793 3114 1
1859 3074 1952 3115 Pax
1987 3080 2121 3129 rupta
2156 3058 2351 3127 quando
2384 3051 2631 3102 censeatur.
2773 3067 2791 3103 3
2813 3085 2826 3105 ‚
2876 3066 2953 3104 20,

685 3143 822 3187 Patet
848 3140 921 3198 jus
950 3139 1082 3187 suum
1111 3142 1157 3188 in
1186 3138 1343 3188 filium
1376 3139 1584 3187 alienare
1611 3150 1671 3182 an
1699 3132 1797 3195 pol·
2299 3191 2303 3194 Ι
2514 3179 2524 3189 ·
2782 3178 2792 3187 .
2898 3128 2951 3165 27

749 3202 823 3253 fit.
1387 3221 1448 3260 2,
1486 3221 1540 3259 ς,
1574 3219 1629 3257 ς,
1667 3209 1757 3254 26,
1783 3214 1797 3243 1
1860 3203 1951 3244 Pax
1990 3190 2217 3253 rumpitur
2254 3184 2313 3234 ab
2351 3198 2409 3231 eo
2447 3195 2528 3243 qut
2566 3194 2624 3225 ex
2652 3191 2795 3224 vetetr
2824 3177 2956 3223 caula

686 3271 826 3317 Pater
855 3279 955 3316 non
981 3283 1112 3332 aeque
1137 3282 1287 3317 certus
1323 3269 1382 3316 de
1424 3269 1558 3329 prole
1603 3263 1681 3311 sua
1716 3260 1806 3309 effe
1924 3258 2019 3303 vim
2051 3255 2207 3303 infert.
2385 3311 2395 3321 ‚
2535 3307 2562 3319 ,,
2675 3258 2825 3315 ³²,20
2850 3277 2863 3297 ›
2898 3250 2953 3287 ²3

753 3332 938 3395 potest,
968 3350 1022 3381 ac
1063 3347 1230 3381 mater.
1266 3352 1292 3381 2
1312 3368 1326 3389 ‚
1360 3349 1386 3387 7
1410 3367 1423 3388 ,
1452 3341 1492 3377 3.
1532 3342 1717 3377 tenetur
1749 3343 1805 3372 ex
1864 3329 1954 3370 Pax
1983 3322 2198 3368 alienans
2227 3315 2356 3363 bona
2384 3322 2595 3387 impetn,
2626 3322 2788 3368 regni,
2824 3319 2959 3353 coro-

754 3398 944 3445 delistis
989 3397 1202 3445 filiorum
1229 3431 1244 3454 ‚
1277 3396 1310 3444 fi
1353 3397 1402 3442 in
1447 3393 1681 3456 potestate
1725 3405 1805 3440 eos
1924 3401 2010 3433 nae.
2124 3443 2136 3455 .
2276 3441 2288 3452 ·
2539 3388 2595 3428 ³³
2630 3388 2721 3446 ἔθ’
2753 3389 2772 3426 5
2792 3403 2819 3444 .’.
2846 3385 2909 3443 ι’.
2933 3381 2957 3421 3

748 3460 911 3509 habet.
951 3479 978 3509 2
996 3497 1010 3519 ,
1049 3477 1104 3509 21
1126 3498 1141 3519 ‚
1168 3481 1211 3511 2.
1248 3476 1349 3508 non
1382 3473 1547 3508 tamen
1569 3457 1604 3505 fi
1633 3458 1681 3503 in
1708 3452 1808 3516 ipio
1865 3457 2099 3511 Pax‚qua
2125 3457 2390 3505 imperium,
2406 3451 2482 3487 aut
2508 3452 2612 3501 pars
2638 3449 2822 3498 impetu
2849 3437 2963 3480 alic-

718 3581 726 3591 4
752 3526 871 3573 nihil
897 3525 1000 3574 vitii
1022 3524 1101 3574 fit.
1708 3522 1805 3566 ibzd.
1924 3526 2076 3561 natur.
2595 3564 2609 3575 .
2725 3515 2746 3553 3
2772 3535 2786 3556 ‚
2818 3513 2905 3572 ²⁰?
2938 3512 2958 3549 ς

695 3590 1045 3640 Paterfamilias
1072 3589 1189 3653 quid
1216 3588 1466 3653 fignificet.
1539 3604 1557 3641 3
1586 3621 1600 3643 ‚
1640 3600 1727 3643 14,
1766 3601 1813 3640 5,
1869 3581 1997 3628 Pacis
2036 3571 2171 3623 causa
2209 3587 2269 3620 an
2310 3568 2436 3618 bona
2478 3564 2769 3614 subditorum
2808 3561 2961 3610 valide

1692 3665 1709 3696 r
1733 3684 1746 3704 ‚
1784 3665 1810 3696 2
1866 3698 1871 3703 ,
1928 3645 2205 3691 alienentur.
2447 3695 2459 3706 .
2625 3647 2679 3686 3,
2716 3645 2807 3702 ξε),
2844 3643 2901 3683 7,
2938 3634 2961 3671 8

696 3718 932 3766 Patientia
976 3736 1078 3783 qnae
1117 3718 1342 3784 putribilis
1383 3720 1431 3766 in
1481 3715 1664 3763 reE'mre
1686 3748 1700 3770 ,
1731 3729 1808 3760 aut
1870 3709 1998 3757 Pacis
2032 3700 2405 3753 conventionum
2446 3707 2877 3757 ruterpretationes.
2909 3706 2929 3744 3
2952 3722 2969 3744 ,

763 3782 1019 3844 republica.
1374 3790 1557 3840 μκή
1597 3794 1809 3837 2,2‚4
2370 3823 2405 3833 ..
2577 3815 2615 3833 .·
2779 3770 2969 3831 .²⁰’.9

695 3847 931 3896 Patientia
958 3848 1194 3896 interdum
1222 3851 1270 3898 in
1299 3849 1370 3909 jus
1388 3844 1569 3895 transit.
1597 3860 1614 3889 1
1640 3877 1653 3899 ,
1675 3858 1804 3898 3‚,21.
1872 3841 1919 3885 in
1955 3833 2082 3896 Pacis
2116 3822 2496 3881 conditiombusa
2521 3821 2639 3871 mlle
2675 3820 2813 3869 suem
2844 3820 2973 3873 ΜΝ·

761 3909 948 3974 Obligat
982 3912 1260 3975 magistrum
1286 3927 1348 3960 ex
1379 3912 1564 3960 deliffls
1597 3905 1814 3970 fingulo-
1852 3911 1857 3914 ”
1933 3897 2070 3955 ciffe‚
2101 3912 2164 3945 ne
2188 3893 2333 3940 etiam
2372 3889 2419 3937 in
2461 3886 2723 3936 minoribus
2754 3882 2976 3958 capitibus

761 3990 884 4025 rum.
1559 3989 1588 4021 2
1607 4006 1622 4029 ‚
1659 3988 1713 4019 21
1735 4005 1749 4028 ‚
1788 3987 1814 4019 2
1935 3955 2382 4025 ruptaecenseatur,
2416 3969 2504 4002 nec
2549 3966 2711 4013 rupta,
2740 3946 2825 3996 nist
2855 3943 2975 3991 arbi-

700 4040 762 4093 ad
790 4039 1076 4093 Patientiam
1100 4037 1277 4092 Christ-i
1299 4039 1524 4103 exemplo
1544 4037 1814 4085 invit-amur.
1935 4043 2023 4078 trec
2038 4027 2161 4091 prius
2187 4021 2333 4070 adito,
2373 4028 2429 4075 aff,
2449 4035 2510 4067 20
2529 4054 2541 4075 ‚
2559 4027 2631 4071 τε.
2667 4014 2701 4062 fi
2727 4015 2774 4060 in
2800 4009 2975 4083 iisjmc

1484 4119 1540 4162 ἲ»
1570 4120 1631 4163 42
1660 4104 1724 4160 7'7
1757 4115 1811 4159 ις
1939 4094 2029 4164 Εἰ,
2061 4104 2113 4143 ut
2134 4084 2353 4154 poffeffio
2387 4082 2520 4136 bello
2551 4079 2736 4132 turbata
2771 4069 2975 4188 resting-

1500 4205 1505 4211 ¹
2965 4170 2979 4194 2>

666 2173 834 2219 Patere
866 2172 1121 2233 quomodo
1152 2168 1397 2224 dicantur,
1419 2168 1500 2230 qui
1530 2166 1789 2229 potioribus

727 2246 947 2283 tenentur
995 2235 1216 2298 inaequali
1250 2233 1450 2282 foedere.
1505 2247 1523 2278 1
1549 2264 1564 2284 ,
1613 2246 1632 2283 3
1658 2266 1670 2285 ‚
1711 2246 1787 2279 21.

733 2299 993 2348 Christiani
1025 2299 1278 2363 quomodo
1308 2296 1512 2344 debeant
1544 2294 1789 2358 magistra-

660 2389 664 2416 ;
733 2366 822 2412 tui.
866 2378 884 2410 ‘r
912 2384 1065 2424 ,4‚4.
1102 2363 1271 2412 subditi
1297 2379 1359 2409 an
1387 2359 1589 2407 debeant
1624 2363 1676 2406 in
1709 2360 1787 2406 du-

736 2426 850 2481 bio,
885 2429 1122 2489 iustumne
1161 2444 1222 2475 an
1264 2425 1483 2485 injustum
1521 2422 1578 2471 fit
1604 2458 1617 2479 ‚
1662 2424 1793 2484 quod

735 2492 1012 2548 imperatur.
1048 2511 1106 2549 2,
1142 2504 1204 2542 26
1226 2527 1239 2548 ,
1269 2510 1316 2550 4.
1353 2489 1546 2553 parendi
1574 2490 1622 2536 δε
1647 2490 1793 2552 impe-

733 2558 878 2605 randi
915 2559 1148 2608 ordinem*
1180 2566 1312 2609 Deus
1361 2551 1661 2618 adprobavit.
1732 2570 1751 2603 1
1786 2589 1799 2610 ‚

1677 2639 1733 2677 42
1767 2636 1800 2677 4

676 2689 791 2735 Pars
818 2687 972 2745 major
1002 2689 1072 2747 jus
1101 2685 1247 2735 habet
1278 2683 1613 2735 universitatis.
1647 2699 1706 2740 2,
1742 2700 1762 2738 5
1785 2717 1798 2738 ‚

1745 2762 1793 2801 17

680 2813 930 2877 Participes
959 2814 1120 2863 deliffl
1148 2818 1250 2879 qui:
1381 2832 1439 2875 2,
1473 2830 1526 2862 21
1550 2848 1564 2871 ‚
1603 2827 1625 2860 1
1646 2846 1661 2868 ,
1691 2827 1716 2858 2
1735 2846 1749 2868 2
1777 2828 1800 2856 2

680 2883 845 2928 Partus
868 2894 928 2926 an
957 2894 1172 2929 ventrem
1197 2882 1442 2944 sequatur,
1480 2884 1530 2929 &
1561 2892 1658 2935 quo
1688 2877 1801 2933 iure·
