3182 5113
946 427 1091 518 832
1535 422 1603 491 L
1654 421 1689 490 l
1739 416 1797 491 Β
1847 422 1914 493 E
1962 426 2044 497 R
2136 432 2263 504 111.
2388 449 2946 523 §.xvnrxmxxl

927 574 1040 631 que
1075 556 1280 614 laboris'
1315 553 1665 631 periculique
1693 564 2031 636 pr'aecipuam
2076 580 2291 641 partem
2322 583 2517 645 petere
2556 577 2772 649 soleat,
2815 600 2935 653 quae

686 646 837 700 aLz'b.
861 635 1050 694 v.sunt
1079 636 1249 691 verba
1284 634 1460 708 Appii
1495 636 1643 708 apud
1684 654 1716 683 a
1767 641 2023 700 Livium:
2067 646 2216 702 unde
2264 666 2379 705 non
2417 650 2588 731 longe
2639 656 2755 711 abit
2803 658 2935 731 Cyri

643 729 686 765 c.
714 731 791 761 20.
900 711 1062 783 ⁸illud
1100 710 1248 787 apud
1273 709 1296 756 b
1328 712 1812 786 Xenophontem:
1857 732 1913 770 93
1952 719 2006 774 clv
2042 726 2099 791 τῇ
2138 723 2368 799 ἁρπαγῇ
2395 729 2456 781 <50³
2490 726 2586 782 023*
2616 728 2680 782 ὅτι
2716 729 2759 784 οἱ
2799 756 2933 795 mvn-

647 777 786 854 ·bDe
809 771 1433 862 (Ῑίνηῦὶωεωεκτὲπιαν
1465 789 1535 844 ἄν.
1619 792 1728 849 Sed
1775 808 1971 852 contra
2010 813 2031 842 c
2065 798 2269 858 dicitur
2292 844 2306 870 ‚
2349 804 2554 877 gratius
2586 804 2639 860 id
2688 807 2810 863 fore
2847 811 2931 867 lae.

640 837 746 900 mst-
772 847 885 898 vn’
930 865 1157 937 tiusque
1186 864 1342 937 quod
1374 864 1464 921 sua
1504 867 1745 941 quisque
1792 890 1957 929 manu
1987 893 2058 933 ex
2113 878 2273 934 hoste
2317 892 2538 954 captum
2584 882 2813 940 domum
2855 905 2931 944 re-

640 918 694 1016 ἦ
724 915 862 1031 :¹4:923
928 940 1169 1008 tulisset,
1211 958 1376 1014 quam
1407 942 1447 999 fi
1469 959 1532 999 94
1557 946 1855 1021 multiplex
1887 953 2185 1026 accepisset
2213 956 2438 1013 alterius
2476 961 2729 1016 arbitrio.

634 1031 747 1081 Liv.
776 1025 864 1076 ubi
1003 1033 1055 1088 3.
1094 1016 1383 1075 Interdum
1414 1037 1649 1092 quoque
1687 1027 1943 1083 concessa
1986 1029 2228 1103 direptio
2254 1077 2268 1101 ,
2329 1035 2482 1107 quod
2525 1036 2778 1110 impediri
2815 1055 2926 1099 non

630 1093 762 1161 supr·
923 1094 1123 1170 poffet.
1195 1097 1262 1152 In
1304 1099 1726 1170 expugnatione
1754 1100 2053 1163 Cortuosae
2092 1109 2770 1187 Hetruscorumoppidi,
2811 1132 2926 1174 nar-

667 1180 907 1232 dLib.v1.
924 1181 1084 1229 rante
1118 1168 1151 1218 d
1180 1171 1349 1232 Livio
1376 1217 1391 1240 ,
1423 1173 1687 1247 publicari
1713 1179 1947 1250 praedam
1984 1199 2039 1239 95
2071 1183 2297 1242 tribunis
2321 1189 2592 1261 placebat,
2627 1191 2719 1262 fied
2745 1201 2801 1244 96
2834 1197 2926 1247 im-

631 1258 678 1296 c.
705 1262 755 1303 4·
909 1251 1124 1322 perium
1160 1266 1329 1325 quam
1366 1248 1637 1323 confilium
1678 1255 1893 1326 segnius
1939 1254 2081 1329 fuit.
2123 1263 2251 1335 jam
2291 1267 2520 1320 militum
2550 1267 2725 1340 prada
2763 1280 2879 1323 erat
2907 1317 2920 1340 ‚

658 1340 694 1433 'eb
709 1323 870 1370 Livius
914 1344 1006 1380 nec
1054 1322 1157 1400 mfi
1191 1336 1290 1400 per
1331 1328 1605 1383 invidiam
1641 1331 1814 1387 adimi
1854 1344 2078 1408 poterat.
2157 1338 2248 1396 Sic
2296 1340 2346 1396 δε
2385 1357 2406 1387 e
2457 1344 2925 1417 Gallograecorum

630 1386 903 1499 imm.

624 1526 668 1565 c.
696 1530 777 1571 43·

914 1400 1154 1535 lcastra‘a
1195 1403 1259 1458 C.
1298 1402 1497 1460 Helvii
1552 1408 1773 1479 agmine
1815 1408 2033 1485 direpta
2086 1413 2324 1488 legimus
2378 1430 2576 1476 contra
2631 1420 2786 1478 ducis
2827 1441 2922 1479 vo·

939 1489 1210 1535 untatem.

991 1554 1146 1611 XIX.
1190 1555 1364 1634 Quod
1408 1553 1562 1627 dixi,
1620 1559 1737 1617 aliis
1780 1563 2063 1622 interdum
2102 1582 2260 1627 extra
2300 1572 2502 1628 milites
2547 1574 2785 1647 praedam
2830 1589 2920 1637 aut

914 1631 1213 1707 pecuniam
1248 1649 1280 1687 e
1315 1631 1498 1706 praeda
1522 1634 1798 1694 redactam
1832 1643 2070 1698 concedi
2102 1646 2276 1700 solere
2297 1692 2309 1713 ,
2358 1648 2410 1701 id
2436 1649 2610 1705 ferme
2645 1652 2716 1706 ita
2743 1658 2918 1710 conti-

916 1710 1034 1781 git,
1087 1718 1150 1764 ut
1200 1709 1290 1766 his
1339 1709 1438 1783 qui
1492 1710 1766 1785 tributum
1814 1716 1880 1771 ad
1920 1718 2129 1776 bellum
2186 1724 2545 1779 contulerant
2591 1728 2917 1789 tantundem

650 1791 849 1853 sDion.
900 1786 944 1845 f
976 1783 1326 1842 redderetur.
1406 1799 1466 1842 97
1493 1787 1692 1846 Ludos
1727 1809 1958 1864 quoque
1990 1810 2061 1852 ex
2105 1800 2378 1854 manubiis
2413 1800 2694 1859 interdum
2732 1805 2917 1863 instru-

628 1853 1026 1919 Hal.lib.V.st03
1057 1873 1241 1919 notes·

623 1933 670 1969 ⁰·
696 1933 777 1979 47·
993 1938 1114 1994 XX.
1160 1956 1212 1995 1.
1254 1940 1465 2012 Neque
1499 1959 1637 1998 vero
1662 1941 1885 2000 diversis
1920 1955 2138 2003 tantum
2167 1950 2327 2005 bellis
2367 1950 2525 2008 aliter
2555 1965 2725 2027 atque
2761 1960 2916 2020 aliter

916 2012 1277 2087 usurpatum,
1319 2014 1412 2071 sed
1444 2018 1647 2074 eodem
1673 2019 1824 2074 bello
1852 2019 2043 2077 eadem
2084 2025 2268 2096 praeda
2301 2025 2439 2101 saepe
2484 2031 2540 2085 in
2580 2033 2702 2090 usus
2740 2034 2917 2095 diver·

918 2089 1005 2145 sos
1042 2091 1322 2162 impensa,
1363 2105 1459 2149 aut
1494 2094 1744 2165 partibus
1777 2095 1991 2164 dlvifis,
2034 2111 2127 2154 aut
2165 2119 2347 2159 rerum
2397 2108 2694 2177 generibus
2735 2112 2916 2170 distin-

658 2178 692 2226 g
732 2166 840 2212 Liv.
869 2163 1034 2221 betis.
1077 2166 1166 2223 Sic
1198 2167 1461 2223 Camillus
1495 2169 1765 2227 decimam
1786 2188 1817 2234 g
1852 2188 1920 2227 ex
1950 2175 2132 2245 praecla
2162 2180 2174 2225 i
2208 2180 2460 2252 Apollini
2492 2183 2702 2256 Pythio
2728 2188 2914 2257 dedit,

635 2236 689 2274 V·
720 2242 761 2275 ⁶·
794 2242 869 2280 23·
923 2242 1248 2298 Graecorum
1293 2244 1590 2317 exemplo,
1648 2247 1735 2302 sed
1768 2247 1922 2320 quod
1966 2253 2217 2321 primitus
2256 2259 2323 2312 ab
2363 2259 2615 2315 Hebraeis
2654 2279 2911 2322 venerat:

920 2334 1037 2389 quo
1068 2329 1326 2390 tempore
1358 2319 1455 2374 sub
1484 2319 1700 2377 decima
1737 2322 1930 2397 praedae
1963 2340 2129 2398 vota,
2172 2348 2287 2387 non
2335 2351 2420 2390 res
2464 2352 2759 2396 moventes
2805 2354 2916 2398 tan·-

917 2404 1070 2464 tum‚
1113 2393 1204 2448 sed
1229 2392 1280 2448 ἃ
1313 2408 1369 2446 98
1397 2397 1591 2453 urbem
1614 2442 1626 2464 ,
1657 2397 1708 2453 ὃς
1742 2418 1901 2473 agros
1934 2406 2126 2461 venire
2157 2425 2185 2461 a
2218 2411 2580 2481 pontificibus
2607 2415 2915 2482 Judicatum

657 2463 691 2512 7³
719 2462 832 2516 Ibid.
859 2468 1012 2528 coest.
1090 2468 1313 2528 Eodem
1354 2472 1565 2530 vittore
1605 2475 1801 2548 praedae
1829 2474 1857 2522 h
1892 2477 1960 2535 de
1999 2482 2217 2540 Faliscis
2250 2503 2375 2559 pars
2413 2490 2652 2547 maxima
2679 2492 2747 2548 ad
2775 2512 2918 2566 quae-

631 2541 709 2583 ³9·
2717 2569 2918 2627 storem

922 2698 1079 2748 Verba
1104 2702 1235 2749 Livii
1265 2718 1399 2758 5,20.
1433 2704 1484 2753 in
1513 2701 1646 2756 libris
1675 2707 1991 2800 antiquisJsat
2038 2714 2136 2763 scio
2181 2712 2379 2780 ignavos
2425 2716 2670 2777 majorem
2717 2729 2909 2779 partem

916 2762 981 2811 fic
1015 2766 1267 2827 leguntur:
1313 2780 1360 2813 ut
1388 2770 1565 2832 segnior
1588 2773 1641 2824 fit
1668 2777 1887 2837 praedator
1926 2780 2132 2826 laturos.

916 2840 965 2872 m
1004 2834 1175 2891 quisque
1223 2830 1384 2877 laboris
1425 2837 1691 2899 periculique
1743 2843 1887 2896 praeci-
1987 2860 2049 2899 94
2080 2844 2361 2910 Multiplex]
2390 2841 2654 2901 Amplius,
2688 2848 2878 2895 cumula

912 2901 1053 3001 suam
1075 2905 1214 2955 petere
1236 2899 1576 2954 partemspleat.
1630 2906 1683 2946 In
1712 2901 1887 2965 quibus
1928 2907 2038 2953 tius.

934 2970 952 3001 ι

955 2956 1153 3002 aeserunt
1197 2969 1396 3021 propter
1445 2960 1689 3024 duplicem
1753 2964 1886 3012 usum
1990 2987 2044 3024 95
2098 2967 2334 3017 Tribunis}
2396 2967 2615 3015 Militum
2650 2968 2884 3018 consulari

912 3019 1162 3080 particulae
1207 3021 1283 3066 Ut·
1331 3023 1530 3083 Sensus‚
1582 3028 1653 3071 uti
1683 3060 1696 3081 ,
1743 3043 1888 3091 prout
1934 3032 2188 3093 potestate·

913 3082 1130 3145 quisque
1145 3080 1299 3131 soleat
1328 3090 1614 3150 praecipuam
1647 3089 1888 3138 laboris&
1996 3102 2055 3142 96
2089 3089 2321 3149 Imperium
2364 3106 2495 3152 quam
2533 3092 2781 3154 confilium]
2845 3096 2898 3145 Id

912 3145 1115 3207 penculi
1185 3157 1336 3195 artem
1376 3162 1566 3211 petere,
1615 3154 1653 3198 is
1693 3156 1739 3200 in
1781 3170 1890 3218 prae-
1934 3154 2158 3210 imperari
2205 3167 2304 3198 non
2345 3156 2537 3217 potuit,
2593 3155 2823 3206 facultate
2853 3163 2900 3207 ὃ(

912 3206 1073 3254 dando
1119 3158 1180 3254 fig
1220 3207 1425 3272 segnior,
1492 3217 1565 3261 sic
1613 3215 1694 3261 lib,
1726 3234 1777 3267 3,
1814 3230 1871 3265 50
1934 3210 2133 3258 arbitrio
2159 3228 2210 3260 ea
2237 3214 2297 3261 de
2324 3231 2371 3262 re
2396 3214 2695 3267 consultandi
2727 3236 2897 3287 erepto

909 3282 961 3315 ut
1004 3274 1180 3333 quisque
1212 3289 1490 3335 occurrerat,
1536 3278 1702 3339 plebem
1731 3272 1893 3317 adhor-
1934 3290 2017 3336 per·
2069 3274 2422 3324 festinationem
2483 3282 2699 3330 militum
2733 3320 2748 3344 ‚
2812 3288 2897 3350 qui

912 3345 1071 3379 tames.
1108 3335 1296 3384 Eodem
1328 3353 1428 3398 cap.
1464 3354 1536 3390 53-
1583 3349 1684 3380 tunc
1712 3348 1759 3381 ut
1785 3351 1889 3399 qua·
1933 3339 2134 3400 praedam
2175 3343 2263 3397 jam
2309 3340 2571 3390 invaserant
2602 3379 2618 3405 ,
2681 3363 2767 3394 nec
2813 3348 2897 3395 nifi

910 3409 991 3457 que
1015 3399 1148 3455 causa
1171 3404 1286 3458 erit,
1308 3401 1533 3455 statuetis.
1931 3416 2044 3447 cum
2072 3406 2284 3449 maximo
2320 3405 2437 3452 odio
2471 3409 2517 3452 δε
2557 3412 2898 3460 criminatione

1921 3463 2097 3511 ducum
2131 3481 2256 3512 erant
2283 3468 2532 3518 reddituri.

1209 3525 1255 3570 G
1288 3534 1326 3569 R
1362 3534 1396 3568 ο
1431 3534 1467 3570 'r
1505 3537 1524 3568 1
1564 3537 1607 3570 1.
1991 3544 2049 3580 97
2089 3531 2227 3575 Ludos
2252 3541 2439 3593 quoque]
2508 3537 2761 3592 scenicos,
2796 3540 2899 3586 Cira

1929 3590 2115 3653 censes,
2150 3595 2593 3658 Amphitheatrales
2620 3601 2693 3646 vel
2725 3603 2899 3665 gladia·

969 3649 986 3696 i
1020 3647 1254 3705 Apollini]
1306 3649 1542 3696 Meminit
1575 3650 1623 3696 ὃ(
1652 3654 1887 3716 Appianas
1931 3656 2111 3717 torios‚
2147 3659 2229 3721 qui
2261 3673 2393 3706 erant
2420 3662 2649 3724 voluptas
2691 3667 2900 3728 populi,

909 3709 959 3760 in
994 3715 1205 3776 excerptis
1233 3710 1536 3771 Peirescianis.
1571 3712 1716 3778 (pag.
1747 3717 1883 3779 546·)
1927 3716 2081 3766 honos
2110 3726 2329 3768 Deorum
2349 3758 2363 3782 ,
2397 3723 2608 3772 divitum
2637 3727 2863 3776 ambitio.

1988 3796 2041 3834 98
2083 3786 2267 3846 Urbem,
2304 3785 2360 3836 ΕΤ
2389 3795 2549 3850 agros]
2621 3795 2680 3836 Ut
2719 3792 2892 3840 horum

1139 3843 1184 3886 G
1218 3850 1255 3886 R
1290 3853 1322 3886 o
1356 3852 1396 3888 N
1430 3852 1465 3888 o
1499 3853 1534 3890 v
1564 3854 1587 3890 1
1619 3855 1655 3892 ι.
1925 3848 2070 3894 etiam
2105 3850 2300 3900 decimae
2336 3850 2588 3904 estimatio
2624 3855 2825 3905 iniretur
2848 3856 2893 3901 δε

1920 3908 2233 3964 dedicaretur.

960 3975 1014 4017 9³
1052 3961 1124 4010 ‘Er
1152 3967 1209 4029 τῇ
1235 3969 1467 4034 ἐξηγῇ]
1502 3974 1559 4021 In
1590 3968 1869 4039 direptione
2728 4049 2769 4094 G
2836 4050 2869 4089 θ

2789 4054 2821 4091 R
2874 4066 2887 4076 ι
