3182 5113
657 412 1488 519 DE‘AEQUN'MTE.
1568 446 1776 504 Cap.
1856 444 1903 503 1.
2216 448 2291 513 39

275 562 394 614 tur,
438 545 532 604 lex
562 544 704 619 ipsa,
752 541 889 614 quae
919 538 1135 613 pacium
1166 538 1379 594 servare
1417 535 1604 603 jubet,
1629 535 2025 608 exceptionem
2056 532 2281 606 patitur.

347 625 487 680 Cum
520 636 699 679 autern
750 620 971 691 aequitas
1017 610 1439 688 frequentiffime
1474 614 1615 669 circa
1646 613 1794 685 leges
1825 610 2074 685 poenales
2107 610 2281 666 verse·
2335 633 2430 691 105

269 712 389 765 tur,
439 700 696 755 falluntur
730 697 821 768 qui
864 705 1060 767 putant
1092 693 1236 764 leges
1269 692 1475 760 semper
1513 692 1585 745 ita
1638 691 1902 761 aequitate
1949 685 2179 760 corrigi,
2222 699 2285 749 ut
2347 691 2350 694 ’

269 794 432 850 poena
463 777 767 837 minuatur,
814 788 937 827 cum
971 766 1433 844 erigimaequitate
1476 765 1692 822 intendi
1738 767 1854 821 illae
1902 765 2119 836 poffint.
2200 762 2284 821 Ut

269 852 307 908 si
338 853 424 907 lex
465 849 524 906 fit
570 849 637 906 de
682 846 966 907 homicidii
1011 842 1422 918 praescriptione
1470 841 1593 911 post
1634 843 1995 906 vicennium,
2039 841 2282 912 excipie-

266 941 390 985 mus
417 925 795 998 parricidium·‚
838 924 889 978 ἀ
915 922 1257 994 augebuntur
1295 918 1477 986 legum
1512 914 1773 987 supplicia
1802 920 1875 973 ob
1926 917 2274 974 circumstan-

266 1003 367 1059 tias
400 1002 657 1071 deliCtum
693 1013 976 1074 gravantes
1004 1038 1018 1063 ,
1061 1007 1151 1051 aut
1193 993 1321 1072 quia
1361 988 1575 1047 delictis
1617 993 1971 1072 grassantibus
2013 994 2276 1051 severiori

267 1081 534 1150 exemplo
575 1094 715 1149 opus
755 1076 850 1133 est.
1425 1142 1437 1154 ⁶

351 1155 763 1209 Correffionem
803 1168 923 1206 cum
954 1148 1187 1203 dicimus
1227 1144 1376 1211 ejuS,
1422 1159 1475 1196 1n
1527 1159 1644 1213 quo
1689 1143 1765 1197 ob
1813 1144 2271 1204 universalitatem
2325 1161 2418 1214 ης

276 1227 366 1281 lex
394 1228 605 1292 deficit,
641 1230 868 1298 primum
897 1223 1241 1285 excludimus
1279 1235 1368 1271 eas
1403 1217 1551 1287 leges
1572 1260 1584 1278 ‚
1617 1235 1736 1288 qua:
1765 1220 2110 1277 inhonestum
2143 1224 2276 1293 quid

273 1303 603 1381 praecipiunt
632 1301 977 1376 simpliciter,
999 1311 1089 1353 aut
1112 1296 1165 1350 id
1186 1333 1204 1360 ,
1233 1290 1385 1363 quod
1408 1310 1474 1346 ex
1504 1292 1696 1348 officio
1738 1297 2034 1365 necessario
2075 1298 2280 1356 facien-

276 1377 403 1434 dum
444 1378 551 1441 est,
598 1391 801 1435 vetant.
881 1377 937 1432 Si
987 1369 1257 1428 dubitatio
1307 1367 1541 1430 oriatur,
1591 1386 1760 1439 quum
1809 1383 1925 1425 tota
1972 1372 2096 1438 lex,
2144 1373 2281 1431 sum-

271 1467 324 1509 ta
358 1454 646 1510 secundum
680 1465 923 1510 mentem
974 1450 1165 1502 claram
1213 1441 1568 1524 legislatoris,
1618 1459 1828 1516 pugnat
1868 1465 1989 1503 cum
2034 1450 2157 1521 lege
2195 1469 2289 1506 na-

271 1543 445 1596 turae,
492 1547 556 1584 an
598 1542 714 1585 non'
749 1531 839 1583 hic
875 1534 1099 1593 quoque
1132 1529 1362 1586 aequitas
1410 1517 1591 1573 locum
1643 1522 1887 1579 habeat?
1931 1525 2108 1579 nullus
2138 1525 2292 1581 defe-

272 1606 387 1669 istus
422 1621 489 1659 ex
524 1603 921 1659 universalitate
968 1593 1075 1654 est,
1123 1591 1211 1647 sed
1272 1589 1542 1662 sequenda
1596 1594 1684 1651 lex
1734 1599 1845 1652 hoc
1896 1599 2048 1654 casu:
2097 1618 2290 1671 quam·

269 1697 429 1750 quam
469 1680 613 1732 enim
645 1676 713 1729 de
735 1671 870 1743 legis
906 1669 1103 1737 justitia
1137 1666 1442 1736 dubitatur,
1477 1687 1589 1725 ΠοΠ
1626 1683 1810 1727 tamen
1844 1673 1891 1726 ἃ
1935 1676 2046 1729 hoc
2076 1676 2286 1735 dubita-

271 1766 358 1809 tur
381 1796 393 1819 ,
424 1770 490 1807 an
525 1754 578 1807 in
617 1749 788 1805 dubio
825 1747 1004 1801 valere
1036 1744 1230 1799 debeat
1253 1742 1382 1813 legis
1410 1748 1666 1801 autoritas
1687 1789 1699 1812 ,
1731 1749 1883 1816 quod
1916 1750 2137 1820 quidem
2163 1773 2286 1828 per-

274 1846 437 1901 quam
474 1827 669 1882 durum
702 1823 811 1884 est,
858 1821 947 1876 sed
979 1822 1052 1874 ita
1088 1820 1172 1875 lex
1206 1817 1397 1889 scripta
1446 1821 1550 1887 est,
1596 1825 1774 1895 inquit
1812 1826 2273 1896 Jurisconsuitus;

272 1905 324 1959 δι
363 1904 687 1976 plerumque
732 1899 902 1953 habet
940 1893 1141 1967 aliquid
1182 1910 1251 1948 ex
1300 1897 1494 1967 iniquo
1553 1915 1720 1953 omne
1777 1917 2035 1972 magnum
2092 1920 2286 1958 exem-

274 1981 462 2054 plum,
505 1976 657 2049 quod
697 1972 951 2035 adversus
986 1969 1221 2042 singulos
1250 1971 1476 2027 utilitate
1511 1975 1735 2047 publica
1769 1976 2040 2047 pensatur.
2125 1981 2283 2035 Con-

274 2057 355 2111 tra
396 2055 489 2109 has
536 2055 715 2113 enim,
759 2067 881 2106 cum
930 2047 1033 2112 vim
1084 2045 1367 2115 obligandi
1407 2065 1517 2104 non
1565 2051 1837 2114 habeant,
1883 2053 2159 2125 aequitatis
2199 2074 2283 2111 re-

274 2129 460 2193 medio
509 2144 649 2198 opus
696 2142 808 2180 non
859 2123 951 2178 est.
1035 2120 1384 2177 Ostendimus
1438 2140 1701 2194 praeterea
1744 2143 1936 2183 eorum
1976 2169 1989 2191 ,
2061 2149 2181 2202 quae
2222 2134 2280 2189 in

276 2206 398 2276 lege
438 2201 664 2273 obscure
719 2199 862 2261 (1ίᾶῒᾶ
923 2197 1066 2263 sunt,
1137 2196 1648 2270 interpretationem
1706 2215 1797 2258 aut
1849 2203 2281 2276 produstionem

273 2279 408 2351 legis
452 2278 520 2340 ad
560 2277 710 2333 casus
752 2275 960 2333 similes.

349 2355 438 2409 Fit
473 2369 659 2411 autem
690 2354 816 2407 haec
858 2349 1151 2413 comestio,
1189 2365 1303 2404 non
1340 2349 1587 2408 tollendo
1644 2353 1779 2427 legis
1823 2357 2224 2431 obligationem
2251 2401 2267 2428 ,
2319 2391 2389 2434 12

272 2428 359 2496 sed
403 2426 725 2484 declarando
759 2427 935 2499 legem
968 2428 1017 2479 in
1049 2435 1202 2479 certo
1231 2424 1352 2480 casu
1389 2442 1503 2482 non
1533 2428 1813 2500 obligare:
1844 2436 1998 2505 quod
2035 2435 2072 2489 fi
2106 2454 2268 2509 appa·
2333 2438 2337 2443 '
2393 2416 2409 2436 ⁶

272 2515 390 2568 ret,
432 2521 596 2561 nemo
629 2501 694 2566 ad
735 2503 998 2561 contraria
1037 2499 1268 2571 obligari
1309 2502 1508 2572 potest,
1550 2505 1717 2562 Unde
1766 2508 1947 2580 leges.
1993 2530 2113 2583 quae
2154 2511 2273 2584 ipsa

274 2580 578 2636 intentione
615 2592 887 2652 pugnant,
918 2578 1082 2633 altera
1110 2594 1208 2648 per
1244 2577 1464 2633 alteram
1497 2581 1798 2639 necessario
1838 2587 2147 2658 abrogatur.
2190 2590 2281 2644 Fit

273 2666 456 2720 autem
485 2654 790 2719 Interdum,
835 2667 891 2710 ut
929 2670 1045 2710 non
1093 2654 1441 2719 intentione,
1485 2653 1572 2709 sed
1624 2655 1745 2712 casu
1793 2673 2071 2732 pugnent,
2116 2681 2280 2734 quam

274 2731 343 2784 ἀι
386 2728 678 2787 &hema-ms
719 2728 869 2788 νόμων
904 2731 1081 2796 μάχην
1121 2730 1310 2785 Graeci
1351 2744 1588 2786 vocant:
1633 2732 1787 2804 quod
1821 2736 1909 2791 ubi
1954 2737 2050 2802 fit,
2096 2740 2279 2793 neces-

274 2804 408 2868 sario
455 2805 507 2857 In
545 2804 641 2858 illo
682 2803 805 2858 casu
847 2804 932 2858 lex
963 2821 1069 2859 una
1105 2822 1199 2878 pet
1227 2804 1455 2861 alteram
1485 2810 1876 2881 exceptionem
1910 2816 2124 2882 patitur.
2199 2817 2276 2874 Ut

275 2896 440 2951 augur
496 2879 767 2950 collegam
833 2896 1014 2934 coram
1070 2881 1284 2952 populo
1344 2882 1646 2951 nominet:
1713 2884 1992 2943 damnatus
2037 2890 2269 2959 publico

273 2956 510 3025 judicio,
552 2972 672 3010 cum
708 2954 918 3026 populo
961 2972 1029 3012 ne
1071 2971 1222 3026 agat:
1265 2957 1301 3012 fi
1352 2974 1521 3028 augur
1565 2958 1855 3017 damnatus
1897 2965 1994 3029 szt,
2037 2964 2270 3022 addetur

273 3032 437 3104 priori
474 3029 580 3101 legi
619 3033 871 3101 exceptio
894 3047 959 3085 ex
992 3031 1295 3100 posteriori.
1340 3032 1509 3086 Unde
1540 3033 1814 3106 sequitur,
1858 3056 2057 3096 omnes
2089 3042 2273 3114 legeS‚

277 3123 405 3179 quae
432 3107 613 3176 aliquo
646 3105 765 3161 casu
804 3108 943 3162 inter
971 3105 1021 3161 se
1054 3107 1323 3162 committi
1349 3108 1601 3179 possunt,
1636 3112 1708 3165 ita
1739 3110 2110 3172 subordinatas
2144 3118 2269 3185 effe,

273 3199 332 3240 ut
367 3183 529 3237 altera
560 3182 712 3237 alteri
751 3182 937 3237 cedat:
978 3199 1104 3252 quae
1140 3195 1322 3239 autern
1356 3184 1553 3242 cedere
1586 3185 1814 3253 debeat,
1859 3190 2017 3246 facile
2047 3191 2270 3251 definiri

272 3276 384 3314 non
420 3257 627 3331 potest,
672 3258 760 3318 sed
791 3260 899 3315 hoc
932 3258 1096 3327 ipsum
1123 3276 1152 3313 e
1180 3260 1516 3316 naturalibus
1548 3265 1831 3336 principiis
1866 3266 2108 3337 pendet,
2150 3288 2273 3341 quae

272 3335 505 3399 docent,
564 3334 851 3390 fortiorem
894 3334 999 3391 effe
1055 3335 1233 3405 legem
1283 3336 1567 3408 jubentem
1618 3344 2010 3410 permittente:
2078 3361 2271 3403 vetan-

229 3424 381 3472 tem
436 3410 694 3480 jubente:
750 3411 1027 3481 poenalem
1079 3428 1190 3467 non
1241 3413 1487 3482 poenali:
1552 3417 1799 3485 generali
1860 3422 2271 3489 particularem:

271 3488 448 3555 statim
481 3484 843 3555 implendam,
887 3506 950 3545 ea
981 3504 1106 3559 quae
1154 3504 1367 3543 moram
1400 3489 1637 3558 patitur.-
1673 3494 1929 3564 imprimis
1983 3514 2113 3554 vero
2150 3518 2277 3573 per-

271 3564 537 3617 tinentem
563 3559 628 3615 ad
659 3564 892 3630 majora,
926 3565 1222 3636 pertinenti
1259 3563 1323 3618 ad
1352 3564 1602 3620 mInora:
1646 3567 1717 3621 ita
1749 3571 1801 3623 in
1842 3571 2086 3643 legibUS‚
2107 3578 2275 3634 etiam

272 3637 501 3704 divinis,
537 3634 741 3693 cedunt
772 3638 1068 3709 specstantes
1094 3638 1158 3695 ad
1191 3640 1499 3712 proximum
1521 3641 1919 3714 ,spesi-:antibus
1951 3647 2020 3704 ad
2052 3649 2264 3712 Deum:

271 3712 659 3770 ceremoniales
690 3716 1023 3780 moralibus:
1056 3716 1105 3772 δε
1136 3718 1187 3772 in
1215 3717 1464 3772 humanis
1503 3718 1714 3789 legibus
1759 3738 1844 3775 eae
1876 3742 1997 3794 quae
2048 3716 2131 3781 ad¹
2163 3722 2275 3801 priss.

271 3799 450 3849 vatam
487 3789 776 3845 utilitatem
811 3794 1112 3863 pertinent,
1150 3794 1210 3848 iis
1243 3808 1370 3863 quae
1409 3791 1477 3847 ad
1514 3796 1830 3866 publicam3
1873 3799 2023 3856 unde
2063 3802 2152 3858 lex
2196 3804 2268 3860 ad

268 3864 606 3934 reddendum
662 3864 999 3941 depositum,
1064 3869 1451 3943 exceptionem
1515 3872 1721 3945 patitur
1774 3876 1832 3933 in
1888 3875 2205 3952 depositor-e
2249 3922 2265 3945 ,

1223 3945 1271 4002 Ζ
1297 3962 1329 4001 Z
1349 3963 1380 4003 Ζ
1421 3961 1457 4015 4
2111 3957 2268 4030 cujus
