3182 5113
943 413 1092 509 {418
1228 477 1232 483 .
1531 414 1597 484 L
1648 413 1681 480 I
1731 411 1791 479 B
1837 410 1903 480 E
1956 412 2034 483 R
2129 413 2219 483 Π.
2466 426 2933 501 5.Χι.Χιι.Χῐιι.’

931 556 1149 611 lateret.
1229 546 1303 605 Et
1325 547 1379 602 in
1408 545 1561 603 hune
1593 543 1807 604 sensum
1835 544 2278 618 interpretantur
2307 543 2537 602 Hebraei
2570 546 2752 619 legem
2772 596 2786 620 ,
2815 569 2933 626 quae

932 627 1017 684 est
1050 630 1068 676 i
1102 623 1286 686 Levit.
1312 639 1465 690 xxv,
1499 639 1584 694 14.
1629 622 1684 680 dc
1729 637 1813 694 17.

1011 704 1137 761 XII.
1186 717 1232 756 1.
1273 697 1469 755 Restat
1505 700 1787 772 aequalitas
1829 700 1888 755 in
1927 715 1999 755 eo
2031 698 2102 758 de
2141 716 2258 773 quo
2298 699 2479 772 agitur
2505 742 2519 767 ,
2544 695 2617 753 'in
2656 693 2770 754 hoc
2812 718 2941 756 con-

930 781 1155 846 sistenS,
1199 791 1259 832 49
1290 787 1353 832 ut
1383 777 1593 833 etiamsi
1626 794 1734 835 nee
1774 778 2019 835 celatum
2065 776 2369 852 quicquam
2412 775 2478 832 sit
2535 773 2691 847 quod
2742 774 2946 831 dietum

932 856 1189 933 oportuit
1215 900 1230 924 ‚
1269 868 1376 911 nec
1406 853 1531 927 pius
1577 858 1833 912 exattum
1873 870 2039 926 quam
2087 854 2281 911 deberi
2319 855 2619 927 putabatur
2647 895 2662 920 ‚
2716 850 2755 907 fi
2795 852 2851 914 in
2891 869 2948 905 re

933 947 1120 996 tamen
1151 929 1602 1006 deprehendatur
1646 931 2022 1005 inaequalitas,
2084 947 2420 1004 quamquam
2449 929 2570 994 ,sine
2623 927 2787 1001 culpa
2832 943 2950 1002 par-

934 1016 1112 1080 tium,
1151 1025 1289 1083 puta
1320 1005 1476 1081 quod
1507 1007 1706 1066 vitium
1745 1010 1991 1077 latebat,
2037 1022 2134 1064 aut
2167 1007 2236 1063 de
2285 1006 2472 1080 pretio
2515 1008 2841 1074 errabatur,
2883 1020 2948 1058 ea

932 1104 1165 1165 quoque
1203 1086 1269 1144 fit
1304 1083 1648 1141 resarcienda
1673 1130 1687 1154 ‚
1732 1084 1786 1142 ἃ
1826 1083 2170 1141 demendum
2204 1086 2256 1139 ei
2286 1084 2383 1156 qui
2413 1083 2535 1156 plus
2576 1083 2782 1150 habet,
2827 1081 2948 1138 red-

858 1235 859 1238 *
935 1164 1293 1235 dentiumque
1318 1161 1498 1217 minus
1529 1161 1798 1219 habenti:
1846 1162 1977 1236 quia
2012 1161 2067 1217 in
2093 1162 2383 1218 cont1·a6tu
2417 1158 2472 1215 id
2506 1160 2792 1231 utrimque
2818 1175 2946 1232 pro-

934 1242 1181 1378 {Offlutm
1215 1250 1311 1297 aut
1349 1237 1456 1295 fuit
1480 1281 1496 1308 ,
1540 1252 1636 1294 aut
1673 1239 1782 1297 effe
1816 1238 2049 1307 debuit,
2094 1249 2157 1294 ut
2194 1250 2434 1309 uterque
2474 1236 2810 1291 tantundem
2853 1235 2946 1290 ha·

979 1332 1107 1374 eren
1142 1358 1154 1370 .

984 1411 1059 1481 .²:
1102 1396 1228 1450 Lex
1255 1391 1526 1478 ⁹Romana
1561 1392 1674 1448 hoe
1708 1389 1998 1454 constituit
2044 1407 2162 1448 non
2196 1390 2249 1445 in
2303 1389 2496 1463 quavis
2537 1386 2947 1461 inaequalitate,

922 1486 1153 1529 minima
1177 1484 1329 1523 enim
1357 1482 1476 1523 non
1505 1467 1861 1539 ,persequitur
1885 1504 1903 1531 ,
1925 1470 2039 1523 imo
2059 1465 2563 1523 &occurrendum
2597 1462 2789 1522 censet
2813 1461 2950 1517 mul-

924 1544 1152 1604 titudini
1180 1544 1399 1609 litium,
1444 1541 1625 1599 sedin
1662 1542 1787 1599 satis
1822 1543 2017 1615 gravi,
2083 1558 2141 1596 50
2190 1553 2251 1598 ut
2312 1560 2433 1613 quae
2489 1541 2781 1597 dimidium
2824 1537 2950 1609 justi

677 1614 771 1671 Ν·
804 1613 905 1663 ²0⁶0·
924 1622 1095 1699 pretii
1131 1617 1377 1677 excedit.
1454 1618 1739 1673 Nimirum
1783 1618 1935 1688 leges
1958 1659 1972 1682 ,
2013 1627 2077 1672 ut
2125 1619 2202 1672 ait
2233 1633 2265 1662 a
2303 1619 2509 1673 Cicero
2533 1662 2547 1683 ‚
2592 1618 2790 1690 iniqua
2840 1614 2945 1669 tol-

924 1703 1051 1759 lunt
1083 1711 1138 1753 51
1174 1705 1449 1769 quatenus
1490 1694 1670 1748 teneri
1703 1708 1869 1747 manu
1900 1691 2166 1764 possunt,
2210 1690 2538 1765 philosophi
2576 1707 2635 1745 52
2669 1701 2943 1764 quatenus

922 1777 1143 1836 ratione
1184 1773 1238 1828 δί
1268 1768 1663 1842 intelligentia.
1742 1768 1822 1824 Hi
1854 1783 1995 1823 vero
2029 1766 2126 1838 qui
2172 1766 2390 1839 legibus
2429 1768 2689 1823 civilibus
2732 1781 2783 1819 53
2823 1764 2943 1819 sub-

913 1853 1045 1925 Jeffi
1079 1866 1205 1908 non
1236 1848 1397 1915 sunt,
1462 1844 1520 1900 id
1552 1843 1708 1916 sequi
1747 1843 1961 1899 debent
2011 1843 2170 1916 quod
2209 1858 2432 1915 aequum
2473 1842 2582 1899 effe
2630 1842 2754 1914 ipsis
2798 1839 2942 1895 ratio

918 1935 1070 1990 reeta
1107 1927 1304 1984 distat:
1345 1923 1462 1979 imo
1492 1918 1547 1975 ὅτ,
1594 1921 1676 1978 ilii
1712 1920 1809 1993 qui
1846 1920 2068 1993 legibus
2107 1918 2337 1987 subjeeti
2386 1918 2546 1987 sunt,
2601 1916 2828 1989 quoties
2872 1914 2944 1971 de

918 2025 992 2065 eo
1022 2002 1180 2080 quod
1216 2003 1296 2059 fas
1329 2000 1602 2075 piumque
1648 1997 1727 2054 est
1755 1997 1976 2070 agitur,
2020 1995 2059 2051 ss
2101 1994 2276 2052 modo
2317 1994 2472 2067 leges
2523 2010 2642 2050 non
2683 1993 2766 2061 jus
2810 1991 2945 2047 dant

916 2091 1014 2141 aut
1056 2081 1305 2145 tollunt,
1368 2074 1462 2132 sed
1502 2075 1611 2144 juri
1646 2073 1931 2132 duntaxat
1977 2075 2055 2129 ob
2096 2082 2277 2129 certas
2333 2071 2518 2126 causas
2569 2086 2629 2126 54
2672 2066 2943 2124 auxilium

914 2161 1074 2217 suum
1105 2157 1406 2228 denegant.

984 2236 1139 2292 XHl.
1188 2249 1236 2289 1.
1279 2229 1393 2289 Sed
1440 2227 1757 2287 notandum
1792 2226 1903 2294 est,
1947 2223 2228 2299 quandam
2276 2222 2358 2279 rei
2405 2217 2781 2295 aequalitatem
2827 2215 2945 2291 spess

914 2313 1048 2371 &ari
1082 2309 1137 2367 δι
1174 2309 1232 2364 in
1265 2308 1643 2365 conti-aetibUS
1674 2304 1944 2362 beneficis
1972 2345 1986 2369 ‚
2031 2317 2149 2358 non
2190 2299 2422 2374 quidem
2464 2294 2854 2354 omnimodam
2883 2304 2947 2350 ut

913 2391 975 2446 in
1013 2384 1463 2445 commutator-iis
1485 2428 1500 2453 ‚
1541 2381 1635 2437 sed
1669 2397 1723 2437 55
1760 2397 1834 2436 ex
1859 2378 2251 2451 suppositione
2289 2377 2406 2446 ejus
2443 2372 2602 2447 quod
2630 2372 2815 2446 agitur
2839 2385 2947 2439 ,ne

914 2467 1044 2540 quis
1075 2463 1284 2521 scilicet
1317 2477 1389 2515 ex
1418 2458 1705 2515 beneficio
1738 2456 2002 2513 damnum
2038 2453 2274 2510 sentiat:
2322 2454 2397 2508 ob
2448 2467 2616 2523 quam
2663 2447 2947 2505 rationem

681 2586 688 2602 ,
922 2539 1297 2601 mandatarius
1331 2545 1388 2591 56
1424 2534 1701 2593 indemnis
1739 2530 1976 2609 praestari
2031 2530 2202 2587 debet
2252 2545 2282 2584 a
2321 2527 2592 2585 sumtibus
2639 2523 2833 2590 fatus,
2891 2519 2944 2575 dc

644 2611 698 2687 (ὅ
725 2606 911 2691 sylvest.
929 2620 1137 2676 damno
1171 2618 1230 2671 in
1268 2612 1426 2686 quod
1466 2631 1538 2669 ex
1584 2610 1742 2668 causa
1784 2610 1865 2666 rei
1893 2608 2164 2665 mandatae
2198 2605 2427 2662 incidit:
2467 2602 2489 2648 b
2525 2602 2578 2658 ὃς
2622 2593 2941 2659 commodae

640 2691 691 2722 '⁷¹
713 2673 840 2720 ”⁰²²⁰
932 2697 1102 2754 tarius
1136 2709 1257 2751 rem
1287 2701 1511 2746 tenetur
1546 2688 1806 2744 resarcire
1840 2686 1879 2742 fi
1914 2685 2114 2758 periit,
2160 2684 2290 2755 quia
2312 2697 2431 2738 non
2466 2680 2634 2738 solius
2655 2673 2735 2729 rei
2775 2670 2940 2726 ratio-

642 2738 776 2849 138Ιῖ
779 2754 845 2861 ⁷²}
867 2749 896 2802 p
901 2770 912 2782 '
932 2791 1004 2831 ne
1036 2769 1270 2828 domino
1318 2777 1575 2833 tenetur,
1615 2765 1673 2821 id
1704 2765 1816 2833 est,
1880 2778 1953 2819 ex
1999 2760 2057 2830 vi
2098 2759 2364 2827 dominii,
2419 2747 2710 2827 quomodo
2761 2745 2941 2818 quivis

647 2863 921 2927 Thom12,2.
951 2890 957 2894 -
2746 2818 2942 2895 posses·

647 2939 727 2977 ὁὶ.
758 2942 851 2979 art.
879 2938 935 2979 6·

1239 3018 1285 3064 G
1317 3027 1354 3066 R
1388 3025 1424 3063 0
1454 3025 1492 3063 'r
1522 3024 1545 3062 1
1579 3023 1619 3061 1.
1972 3000 2234 3048 hominum
2268 2996 2532 3044 incurrunt.

1466 3072 1470 3076 ’
2035 3078 2094 3118 52.
2127 3064 2349 3122 Quatenus
2378 3061 2565 3110 ratione]
2590 3058 2845 3122 Qatenus
2870 3049 2946 3096 lex

1001 3147 1017 3192 i
1062 3144 1251 3192 Levitici
1288 3154 1404 3191 xxv
1433 3175 1450 3201 ‚
1496 3155 1567 3192 14·
1613 3138 1728 3201 17.]⁶
1793 3127 1916 3175 Vide
1972 3123 2161 3173 summa
2187 3123 2383 3169 virtutis
2413 3132 2561 3180 atque
2587 3116 2739 3162 oflicii
2784 3127 2837 3159 ea
2863 3112 2945 3160 de·

939 3206 1181 3263 Mosemde
1212 3206 1382 3260 Koa-zi,
1432 3209 1672 3265 praecepto
1716 3190 1915 3253 iubente
1974 3185 2243 3255 prehendit3
2729 3240 2737 3249 ·

941 3280 1162 3321 Lxxxll.
2039 3265 2091 3304 53
2127 3248 2324 3304 Subyefi‘i
2354 3261 2435 3293 non
2446 3242 2592 3303 sunt]
2643 3245 2742 3303 Qu
2766 3234 2946 3292 habent

1974 3310 2226 3360 summum
2257 3311 2543 3372 imperium.
2723 3343 2729 3348 Α

1172 3395 1220 3441 G
1250 3402 1285 3439 R
1323 3399 1360 3437 0
1391 3401 1432 3437 N
1465 3398 1502 3436 Ο
1536 3398 1571 3436 V
1603 3399 1624 3436 1
1657 3395 1695 3434 1.
2037 3393 2101 3433 54
2133 3376 2373 3425 Auxilium
2405 3370 2577 3429 suum]
2643 3366 2944 3427 Affionem,

1972 3440 2047 3487 vel
2074 3435 2537 3486 animadversionem
2562 3429 2746 3490 judicis.

1005 3540 1067 3583 49
1114 3525 1173 3572 U:
1211 3518 1382 3579 etiamst
1416 3532 1490 3563 nec
1531 3513 1753 3573 celatum]
1820 3507 1915 3556 Ubi
2036 3518 2090 3558 55
2128 3505 2205 3550 Ex
2219 3500 2520 3565 suppoſstione]
2553 3501 2644 3544 Pro
2661 3505 2828 3539 natura
2860 3492 2948 3552 rei,

942 3588 1105 3637 neutri
1133 3588 1323 3635 animus
1347 3580 1444 3628 fuit
1469 3576 1668 3634 fallendi
1686 3576 1918 3633 alterurn,
1974 3582 2079 3631 quae
2105 3566 2388 3629 suscipitur,
2409 3559 2646 3626 quodque
2670 3557 2720 3604 in
2751 3570 2806 3603 ea
2831 3570 2949 3620 prae-

948 3650 995 3698 ὅ(
1019 3665 1182 3699 tamen
1213 3646 1454 3709 contigit,
1498 3653 1553 3690 ut
1583 3642 1705 3688 alter
1738 3636 1921 3686 masta·
1974 3631 2179 3681 sumitur
2205 3626 2515 3685 essedebere.
2754 3683 2764 3693 .

950 3727 1076 3761 retur
1102 3711 1395 3760 infortunio,
1770 3724 1772 3727 ·
2038 3703 2096 3748 56
2132 3692 2349 3742 Indemm's
2368 3687 2605 3754 prastarx']
2646 3688 2889 3746 ‘Recipere
2921 3695 2946 3734 a

1015 3791 1070 3828 50
1105 3777 1163 3823 Ut
1187 3790 1273 3839 qua
1297 3769 1563 3832 dimidium]
1609 3770 1667 3814 L.
1693 3780 1738 3812 2.
1772 3767 1833 3811 C.
1866 3759 1918 3809 de
1976 3757 2236 3806 mandante
2265 3751 2721 3820 compensationem
2761 3749 2945 3808 impen-

949 3838 1134 3896 raffcind.
1159 3836 1328 3885 vendit.
1974 3820 2157 3876 sarum,
2195 3834 2312 3884 quas
2342 3820 2412 3866 rei
2437 3813 2672 3864 mandata:
2705 3808 2872 3866 causa,
2898 3805 2948 3852 δε

1010 3914 1063 3953 51
1096 3900 1316 3958 Quatenus
1346 3898 1477 3944 teneri
1505 3898 1679 3950 mama]
1714 3896 1832 3956 Qae
1860 3887 1920 3936 ad
1972 3883 2008 3935 fi
2033 3885 2154 3953 quid
2189 3884 2356 3933 damni
2378 3881 2515 3931 fecit.

942 3966 1230 4032 exemplum
1258 3963 1531 4021 pertineat,
1567 3960 1615 4008 ὅ(
1642 3959 1696 4008 in
1740 3954 1918 4032 ocutos
2680 4004 2682 4007 ,
2769 3992 2933 4045 Gno'
