3182 5113
1466 478 1501 544 1
1585 479 1654 543 N
1736 434 1940 545 Due
2017 476 2099 542 X.

623 568 645 587 r
676 604 755 639 eur
784 593 911 638 Deus
956 584 1169 646 dederit,
1217 580 1519 645 eandemque
1560 581 1724 647 postea
1778 589 1914 634 Mors
1939 583 2050 646 quid
2081 580 2330 647 fignificet.
2364 597 2421 637 2,
2453 589 2599 640 16,9.
2618 585 2667 635 in
2691 593 2886 657 materia

651 653 910 705 sustulerit.
1515 665 1533 697 1
1556 684 1570 705 ,
1606 666 1662 704 2,
1704 658 1724 694 8

613 717 937 767 Misericordia
980 719 1070 768 Dei
1112 734 1173 766 an
1219 731 1310 765 nos
1344 713 1515 777 doceat
1554 712 1725 776 suppli·

619 790 635 800 ⁶
669 783 754 830 ciis
780 785 1058 846 capitalibus
1083 788 1182 830 no'n
1211 783 1295 829 uti.
1335 795 1359 826 2
1378 812 1392 834 ‚
1421 793 1481 824 20
1499 812 1511 835 ,
1534 794 1726 841 ro.qua:

666 861 862 910 peccata
892 850 1116 912 praecipue
1144 847 1369 909 respiciat.
1425 859 1481 899 2,
1525 859 1612 901 20,
1662 859 1727 892 11.

669 914 997 977 pratermiffio
1026 914 1176 978 puniri
1208 928 1306 960 non
1337 907 1492 959 debet.
1545 923 1602 965 2,
1639 925 1728 965 20,

671 993 748 1026 20.
789 981 920 1041 quod
963 995 1021 1026 ex
1068 978 1386 1025 misericordia
1426 971 1649 1030 debetur,
1685 976 1729 1023 id

667 1044 811 1090 armis
842 1044 956 1102 iuste
978 1042 1167 1105 deposci
1196 1043 1373 1105 nequit.
1462 1054 1513 1096 2,
1549 1055 1606 1086 22
1627 1074 1638 1096 ,
1680 1051 1733 1086 16

608 1105 938 1159 Misericordia
992 1109 1128 1174 digni
1177 1111 1256 1172 qui
1304 1107 1436 1160 bello
1470 1103 1732 1165 capiuntur.

1047 1196 1053 1203 ⁸
1233 1178 1236 1183 1
1395 1188 1414 1225 3
1438 1207 1451 1227 ³
1492 1183 1577 1226 14>
1617 1186 1671 1226 22
1710 1184 1729 1215 Ῐ

610 1235 947 1288 Misericordiae
992 1249 1071 1286 ara
1112 1236 1237 1301 apud
1278 1233 1605 1299 Athenienses,
1672 1252 1732 1290 2,

1489 1316 1543 1348 21
1567 1333 1580 1354 2
1616 1316 1671 1354 ς)
1710 1317 1732 1347 2

608 1365 810 1417 Miffitia
826 1367 1077 1431 quomodo
1095 1367 1216 1414 fiant
1233 1366 1538 1428 capientium.
1561 1382 1580 1418 3
1596 1373 1658 1420 ,6,
1672 1380 1727 1412 22

610 1430 822 1478 Mobiles
851 1449 920 1479 res
948 1432 1145 1495 quando
1174 1432 1295 1479 fiant
1321 1430 1616 1496 singulorum
1652 1445 1720 1476 ca-

677 1497 924 1555 pientium.
1485 1510 1539 1552 3,
1578 1505 1633 1550 6,
1673 1510 1726 1541 12

536 1572 539 1573 ’
611 1557 821 1632 Monilia
850 1561 1133 1624 generaliter
1176 1561 1475 1626 postliminio
1512 1574 1616 1607 non
1655 1576 1724 1607 re·

597 1669 599 1671 .
674 1639 922 1686 erpruntur.
1388 1643 1408 1681 3
1440 1660 1455 1682 ,
1483 1642 1509 1678 9
1531 1660 1544 1680 ,
1581 1640 1663 1683 14,
1705 1640 1722 1672 1

610 1689 890 1737 Moderatio
918 1691 968 1738 in
994 1690 1108 1739 beili
1137 1694 1235 1752 jure
1261 1692 1384 1740 circa
1412 1690 1649 1754 personaS.
1685 1707 1724 1745 3,

660 1808 662 1811 ,
1468 1771 1519 1801 11
1544 1790 1557 1811 ‚
1598 1771 1655 1808 7>
1701 1770 1715 1799 1

605 1817 888 1866 Moderatio
915 1818 964 1866 in
989 1818 1122 1867 bello
1150 1821 1212 1869 ad
1253 1819 1368 1884 quid
1398 1819 1547 1867 etiam
1580 1817 1724 1876 civili-

675 1896 746 1928 ter
774 1882 936 1945 prosit.
1101 1885 1103 1887 ’
1483 1900 1503 1938 3
1526 1920 1541 1944 ,
1579 1899 1667 1941 12,
1707 1893 1726 1929 8

606 1947 786 1996 Modus
810 1948 859 1995 in
889 1960 1032 2009 poena
1059 1947 1184 1995 unde
1204 1949 1454 2009 petendu&
1478 1966 1503 1996 2
1521 1947 1541 2005 ,‘
1556 1965 1617 1995 20
1638 1982 1651 2003 ,
1673 1959 1725 1996 28

606 2011 754 2060 Medi
781 2010 986 2060 habendi
1015 2011 1264 2076 imperium
1291 2014 1390 2075 qui.
1427 2030 1446 2060 1
1472 2047 1485 2067 ,
1516 2027 1536 2063 3
1558 2047 1571 2067 2
1593 2028 1641 2060 11
1667 2049 1679 2068 ,
1705 2030 1720 2060 1

608 2077 809 2132 Moenia
835 2075 956 2124 urbis
983 2075 1078 2125 five
1122 2078 1270 2134 muri,
1310 2094 1417 2127 curn
1450 2078 1697 2125 diruuntur
1716 2114 1727 2133 ,

623 2163 627 2165 ἡ
669 2155 732 2187 an
761 2142 962 2189 intereat
989 2142 1066 2198 'ius
1094 2143 1313 2191 civitatis,
1353 2152 1409 2199 z‘,
1437 2158 1499 2197 9,
1538 2158 1581 2199 7.
1621 2143 1721 2189 refi-

669 2219 775 2253 cere
806 2221 966 2254 muros
1001 2208 1114 2254 licet
1155 2219 1373 2270 tempore
1421 2206 1724 2254 induciarum.

679 2285 734 2325 3,
756 2286 806 2317 21
831 2305 845 2327 ,
874 2288 917 2326 7.
944 2286 1003 2318 ne
1024 2273 1126 2334 'quis
1158 2273 1292 2319 locu‘s
1320 2271 1463 2318 muris
1493 2271 1725 2333 cingatur,

669 2336 923 2394 quomodo
950 2337 1333 2400 intelligendum.
1369 2351 1422 2390 2,
1451 2345 1507 2382 16
1525 2369 1538 2389 ,
1565 2352 1638 2383 zo.
1659 2336 1719 2383 fe-

671 2398 754 2445 dus
782 2401 839 2444 de
866 2400 1100 2447 diruendis
1128 2402 1269 2450 muris
1297 2400 1468 2461 quale?
1489 2416 1544 2454 2,
1574 2416 1621 2455 15
1649 2436 1661 2456 ,
1699 2417 1722 2453 7

609 2464 851 2515 Monachi
876 2481 901 2511 a
928 2466 1053 2513 caede
1081 2465 1214 2515 liberi
1240 2463 1331 2513 effe
1357 2464 1546 2511 debent.
1576 2478 1596 2515 3
1621 2498 1635 2517 2
1657 2481 1728 2520 11,

1279 2543 1282 2546 '
1673 2544 1724 2576 10

610 2593 967 2647 monomachia
996 2592 1176 2645 bellum
1215 2596 1352 2644 finire
1386 2608 1446 2640 an
1479 2594 1636 2641 liceat.
1679 2609 1729 2649 3,

791 2665 829 2671 Η
1277 2672 1732 2716 20,43,I,2,4

564 2723 566 2726 ’
611 2721 971 2770 Monomachiae
996 2722 1053 2770 de
1086 2737 1235 2784 regno
1261 2727 1370 2785 quis
1394 2719 1601 2770 efferans.
1675 2739 1692 2776 3
1721 2759 1731 2778 ,

897 2798 951 2807 ’“
1047 2801 1050 2806 “
1223 2790 1723 2854 ,mmai-&4521

611 2850 908 2914 Monopolia
946 2865 1046 2913 quae
1075 2849 1238 2908 licita,
1289 2867 1391 2913 quae
1431 2864 1598 2899 contra
1633 2853 1721 2908 jus*

675 2919 725 2964 &
762 2927 1060 2978 quae-contra
1092 2917 1355 2967 caritatem.
1455 2932 1512 2973 2,
1549 2930 1636 2971 η,
1678 2926 1729 2961 16

611 2982 979 3041 Monopolium.
1015 2983 1107 3026 vide
1140 2984 1389 3029 coemtio.
1487 2996 1544 3033 2,
1576 2994 1634 3035 ι,
1672 2997 1729 3035 24

610 3046 797 3095 Morari
842 3046 893 3091 in
925 3045 1174 3091 territorio*
1209 3046 1370 3094 alieno
1416 3059 1478 3091 an
1524 3045 1723 3091 licitum.

1355 3123 1364 3129 ⁷·
1491 3121 1546 3163 2,
1579 3124 1635 3163 2,
1675 3124 1723 3161 15

611 3176 764 3221 Morae
795 3173 1014 3236 purgatio
1032 3171 1080 3221 in
1112 3187 1228 3240 pace
1255 3190 1315 3223 an
1342 3172 1656 3223 admittenda.
1681 3186 1700 3222 3

1368 3246 1370 3249 ⁴
1536 3250 1626 3291 2¹0,
1669 3251 1711 3287 35

614 3303 822 3350 Moralia
852 3317 952 3350 non
980 3299 1236 3347 confistunt
1264 3299 1312 3345 in
1342 3299 1497 3358 pasto,
1539 3313 1558 3343 1
1582 3334 1595 3353 ,
1613 3315 1638 3345 2
1656 3334 1669 3356 ,
1699 3309 1709 3340 τ»

610 3370 876 3419 Moralium
900 3365 1187 3412 incertitudo
1211 3363 1353 3409 unde.
1489 3379 1513 3409 2
1532 3395 1544 3416 ,
1578 3378 1630 3414 23
1653 3398 1665 3418 ,
1702 3379 1711 3406 J

610 3434 838 3484 Morandi
889 3434 958 3489 jus
1006 3445 1084 3492 per
1118 3427 1316 3489 aliquod
1364 3440 1549 3489 tempus
1600 3429 1712 3473 inter

670 3496 895 3544 utilitates
923 3493 1159 3543 innoxias.
1215 3519 1219 3522 ·
1316 3504 1318 3507 ’
1475 3508 1500 3537 2
1524 3525 1537 3546 ,
1573 3506 1632 3546 2,
1670 3508 1713 3544 15

612 3558 778 3617 ,Morbi
824 3556 1088 3621 contagiosi
1139 3573 1200 3604 an
1250 3555 1434 3619 proprie
1477 3554 1568 3601 fin't
1614 3570 1709 3615 poe-

672 3640 774 3680 nae,
823 3626 902 3687 qui
942 3624 1255 3671 nominantur
1286 3625 1337 3669 in
1365 3620 1498 3669 libro·
1523 3619 1718 3678 Moysis.

1579 3702 1639 3730 20
1660 3720 1673 3740 ‚
1700 3702 1713 3731 1

610 3751 745 3804 Mori
770 3734 976 3799 Hebtaeis
1001 3752 1175 3800 dimitti
1202 3762 1413 3799 vocatur.
1433 3765 1459 3797 2
1475 3785 1489 3806 ,
1515 3764 1571 3802 19
1590 3767 1639 3805 ,ς
1665 3784 1678 3804 ,
1700 3766 1716 3802 3
1782 3746 2098 3810 Mundibutgii
2127 3747 2212 3803 ius.

1835 647 2107 698 favorabili.
2146 665 2201 703 2,
2233 666 2287 705 7,
2325 664 2399 703 30.
2417 648 2516 708 eius
2545 650 2624 710 qui
2651 666 2887 716 acceptare

1835 712 2114 776 promissum
2147 712 2305 761 debuit
2345 728 2443 760 non
2482 715 2706 764 tranefert
2735 721 2801 777 jus
2830 728 2887 779 ad

1841 777 1982 839 ipsius
2019 778 2237 827 haeredeS.
2275 794 2333 834 a,
2372 794 2457 833 11,
2509 789 2581 827 16.
2620 784 2889 839 mandantis

1839 843 1972 891 tollit
2009 841 2420 906 praesumptionem
2455 878 2467 899 ,
2528 844 2658 906 quod
2691 853 2888 901 manda-

1844 920 1947 955 turn
1977 908 2174 971 implere
2204 908 2419 957 voluerit.
2458 923 2607 964 2,11,
2644 925 2711 964 17.
2750 911 2887 966 scele-

1842 974 1961 1029 rati,
1999 989 2096 1037 quo
2123 972 2249 1025 sensu
2280 971 2363 1036 ipsi
2402 973 2573 1021 melior
2603 972 2659 1020 sit
2688 976 2802 1027 vita..
2834 999 2885 1040 2,

1845 1053 1931 1093 202
1967 1054 2012 1092 7.
2040 1037 2351 1087 universitatis
2383 1038 2514 1098 quid.
2653 1054 2675 1084 2
2699 1075 2710 1095 ‚
2748 1056 2796 1088 21
2819 1080 2832 1099 ,
2860 1064 2885 1100 7

1787 1115 1885 1164 qua:
1924 1105 2099 1150 Mortis
2138 1103 2343 1152 vitandae
2376 1101 2508 1149 causa
2541 1100 2707 1160 injuste
2739 1105 2852 1154 fiunt
2875 1146 2887 1168 9

1843 1167 1990 1226 levius
2020 1170 2273 1229 punienda.
2328 1173 2332 1175 ’
2620 1184 2678 1223 2,
2712 1185 2799 1225 20,
2834 1179 2887 1228 29

1787 1238 1999 1291 Mortem
2026 1249 2117 1294 vpro
2146 1235 2252 1283 aliis
2286 1243 2509 1295 oppetere
2542 1232 2648 1294 lege
2687 1248 2885 1298 euange-

1843 1298 1933 1344 lica
1973 1312 2271 1361 praeceptum.
2308 1313 2361 1353 1,
2398 1312 2456 1350 2,
2493 1304 2534 1344 6.
2589 1297 2646 1344 ad
2684 1311 2891 1352 mortem,

1848 1363 2075 1410 damnare
2120 1379 2180 1411 an
2218 1364 2390 1418 liceat,
2425 1360 2569 1407 etiarn
2599 1378 2655 1408 ex
2691 1364 2745 1410 iis
2780 1365 2891 1422 deli-

1848 1427 1935 1474 &tis
1979 1444 2078 1489 quae
2121 1430 2168 1475 in
2206 1429 2312 1491 lege
2352 1424 2566 1472 Mosaica
2606 1440 2761 1474 morte
2796 1446 2888 1479 non

1853 1492 2120 1551 pumuntur.
2169 1498 2277 1546 vide„
2311 1490 2617 1553 Supplicium.
2684 1497 2887 1544 Mortem

1844 1557 2039 1604 meritos
2089 1558 2391 1605 committere
2436 1556 2486 1602 in
2526 1570 2734 1617 pugnam
2781 1574 2890 1607 con-

1856 1634 1927 1668 tra
1971 1620 2180 1670 officium
2225 1622 2288 1669 est
2333 1620 2448 1667 boni
2488 1618 2887 1682 magistratusssz,

1855 1701 1908 1742 1,
1947 1701 2016 1740 ις.
2054 1695 2263 1736 mortem
2302 1686 2474 1733 inferre
2511 1683 2595 1731 fibi
2638 1699 2793 1733 utrum
2836 1690 2889 1736 li·

1845 1764 1962 1796 ceat.
1999 1761 2057 1806 2,
2096 1768 2181 1807 19,
2215 1769 2258 1806 5·
2297 1751 2377 1813 qui
2406 1746 2491 1794 fibi
2523 1750 2751 1806 intulere,
2784 1766 2888 1813 pro-

1848 1814 2065 1863 hibentur
2107 1809 2356 1878 sepultura.
2407 1817 2505 1861 ibid.
2544 1827 2687 1874 quare
2722 1848 2736 1869 ,
2789 1831 2888 1865 cum

1846 1891 2010 1927 tamen
2037 1881 2147 1928 inde
2172 1896 2270 1926 non
2306 1879 2549 1926 laedantur.
2592 1893 2648 1933 2,
2695 1893 2784 1935 20,
2812 1900 2887 1940 44,

1845 1945 2042 2002 quidam
2073 1959 2130 1991 eo
2156 1946 2352 1993 mali-tia:
2390 1939 2677 2006 processere,
2711 1957 2759 1989 ut
2794 1959 2889 1993 nou

1844 2008 1928 2056 nisi
1958 2023 2113 2056 morte
2139 2010 2468 2058 emendentur.
2488 2024 2513 2055 2
2532 2042 2546 2064 ,
2568 2024 2627 2054 20
2647 2042 2659 2062 ,
2683 2022 2755 2062 12,
2782 2011 2828 2056 ὃς
2848 2028 2889 2066 2,

2054 2080 2058 2083 '
2711 2089 2799 2127 20,
2838 2091 2884 2126 13

1787 2143 1998 2187 Mortem
2041 2138 2141 2201 pati
2192 2136 2352 2200 potius
2386 2153 2533 2199 quam
2579 2138 2725 2185 alium
2767 2141 2891 2186 occi-

1842 2203 1924 2252 das
1941 2207 1961 2261 ,
1983 2204 2177 2267 quando
2204 2205 2346 2268 liceat
2366 2238 2380 2261 ,
2406 2203 2601 2267 quando
2628 2216 2742 2249 non.
2783 2217 2826 2257 2,
2851 2220 2890 2259 1,

2254 2270 2260 2279 ’-
2673 2278 2694 2314 8
2716 2302 2727 2322 2
2763 2283 2790 2319 9
2815 2300 2827 2321 9
2863 2284 2882 2314 Ῐ

1790 2338 2000 2381 Mortem
2031 2345 2252 2381 aeternam
2288 2330 2567 2395 aggrefforis
2599 2346 2656 2377 an
2686 2332 2784 2393 quis
2810 2331 2885 2378 sua

1846 2411 2002 2445 morte
2025 2403 2188 2446 cavere
2212 2395 2395 2445 debeat.
2576 2410 2594 2441 1
2623 2430 2638 2452 ‚
2679 2414 2697 2450 3
2720 2430 2732 2450 ,
2771 2411 2790 2447 3
2816 2429 2828 2449 ‚
2867 2412 2887 2449 3

1790 2464 1961 2509 Mortis
1994 2463 2121 2510 casus
2155 2461 2386 2524 expressio
2426 2459 2621 2521 quando
2666 2457 2895 2506 extenda-

1846 2539 1921 2575 tur
1954 2529 2012 2574 ad
2039 2528 2196 2574 casum
2223 2541 2321 2573 non
2348 2525 2464 2574 nati.
2534 2540 2592 2580 2,
2629 2534 2710 2579 16,
2742 2538 2829 2577 20,
2869 2539 2888 2577 3

1791 2597 2092 2639 Mortuorum
2125 2606 2321 2651 corpora
2356 2594 2483 2638 male
2515 2589 2743 2643 tractare,
2777 2585 2894 2634 con-2

1846 2669 1920 2702 tra
1951 2659 2017 2712 jus
2046 2656 2109 2702 est
2137 2657 2366 2718 gentium.
2404 2671 2430 2701 2
2451 2691 2464 2711 ,
2489 2669 2626 2708 1922-
2650 2656 2696 2700 &
2718 2668 2736 2704 3
2760 2688 2769 2706 ,
2790 2671 2808 2706 5
2836 2667 2886 2707 ,3

1789 2720 1943 2768 Moses
1977 2721 2155 2767 bellum
2181 2719 2323 2766 infert
2359 2718 2649 2764 AmalecitiS.
2690 2730 2707 2758 1
2730 2732 2812 2769 ‚2,
2849 2732 2892 2769 5.

1844 2785 2131 2833 Amorrhitis
2176 2782 2237 2829 ob
2284 2779 2531 2827 tranfiturn
2581 2775 2893 2846 prohibitum.

2645 2856 2699 2896 2,
2739 2858 2794 2897 2,
2836 2857 2884 2893 13

1786 2914 1907 2960 Muli
1934 2914 2015 2974 qui
2046 2910 2169 2974 apud
2207 2913 2462 2955 Romanos
2492 2902 2888 2967 postliminiore·

1840 2980 1979 3040 cepti.
2255 3034 2265 3044 .
2509 2981 2883 3026 '3,9,14,1

1788 3044 1972 3090 Mulier.
2008 3041 2102 3085 vide
2135 3042 2348 3084 Femina.

1792 3107 2009 3151 Mulieres
2059 3105 2156 3162 jure
2222 3100 2346 3147 civili
2392 3095 2693 3165 plurimum,
2753 3109 2886 3158 gent.

1847 3184 1943 3215 non
1971 3180 2190 3215 tenentur
2217 3180 2274 3210 ex
2300 3163 2459 3210 debito
2484 3162 2701 3209 civitatis.
2736 3176 2788 3217 2,
2829 3177 2844 3213 3
2870 3195 2884 3218 ,

1844 3249 1884 3285 7.
1925 3235 2019 3289 jure
2044 3231 2157 3277 belli
2178 3228 2363 3289 possunt
2390 3225 2559 3275 occidi.
2601 3241 2617 3277 3
2642 3258 2653 3275 ‚
2672 3242 2727 3280 4,
2744 3243 2785 3278 9.
2805 3232 2889 3271 oc-'

1846 3298 1936 3343 cidi
1962 3312 2060 3343 non
2091 3294 2263 3342 debent
2291 3291 2373 3339 nisi
2405 3291 2554 3337 virilia
2579 3286 2736 3336 officia
2764 3287 2888 3337 usur-

1841 3373 1982 3423 pent,
2031 3374 2108 3407 aut
2151 3358 2266 3419 quid
2305 3354 2598 3420 peculiariter
2643 3354 2889 3401 vindican-

1837 3428 1949 3473 dum
1977 3424 2306 3472 committant.
2459 3426 2461 3429 ’
2650 3425 2695 3473 3“,
2745 3434 2793 3464 rr
2815 3453 2827 3474 ,
2860 3437 2889 3472 9

1786 3493 2038 3538 Mulierum
2094 3489 2291 3548 imperia*
2341 3482 2579 3532 Romanis
2624 3481 2887 3544 incognita.

2544 3563 2688 3602 2‚9,
2733 3561 2882 3602 11,2

1787 3616 2084 3668 Multitudini
2114 3615 2258 3664 etiam
2290 3614 2338 3662 in
2367 3610 2545 3658 delicto
2581 3611 2887 3672 parcendum.

2622 3691 2792 3732 3,11,
2836 3691 2895 3728 19

2559 3755 2609 3796 1,
2644 3754 2698 3795 3,
2736 3755 2824 3795 21,
2863 3754 2882 3787 1

603 3823 776 3876 ‘Mores
810 3816 1052 3879 generales
1084 3818 1131 3862 in
1177 3818 1340 3879 aliqua
1384 3829 1519 3878 parte
1557 3814 1720 3860 mund«
1782 3819 1987 3861 Mu-renae
2015 3804 2333 3869 controverfia
2358 3820 2466 3854 cum
2494 3805 2792 3853 Mithridate.
2831 3819 2888 3859 2,

673 3897 775 3929 non
806 3882 982 3928 faciunt
1012 3883 1081 3938 jus
1108 3893 1294 3928 naturae.
1459 3894 1515 3935 2,
1549 3896 1638 3934 20,
1672 3894 1721 3936 4³

613 3952 751 4057 mgis
773 3944 1198 4057 ddeportationem
1253 3943 1446 4010 quando
1505 3958 1713 4005 compre-

710 4026 770 4058 err
807 4025 870 4060 at.
1481 4025 1507 4055 2
1528 4042 1541 4063 ,
1576 4017 1633 4054 16
1654 4042 1666 4063 ,
1701 4026 1727 4060 9

2702 3877 2788 3923 16,
2828 3884 2884 3920 30

1783 3940 1908 3990 Muri
1941 3939 2151 3990 faciendi
2192 3932 2447 3999 prohibitio
2478 3933 2673 3997 quando
2709 3933 2768 3980 ad
2801 3945 2886 3994 ag-

1840 4021 1970 4069 geres
1994 4002 2287 4054 extendatur.
2521 4016 2576 4056 2,
2616 4007 2700 4053 16,
2735 4013 2816 4047 20,
2857 4004 2880 4047 ’3

612 4081 751 4128 Mors
777 4090 863 4139 pto
889 4088 1003 4138 vera*
1026 4072 1260 4137 religione
1283 4073 1454 4136 quanti
1489 4072 1723 4120 facienda.
1781 4088 1880 4138 quae
1910 4072 2063 4133 priora
2109 4074 2333 4123 Mutant,
2366 4063 2450 4115 nisi
2490 4064 2550 4117 ad
2586 4065 2754 4125 ingens
2797 4050 2887 4123 boss'

1407 4152 1468 4218 Σ.)
1502 4152 1731 4209 427215„

1157 4255 1180 4271 Ι

2617 4143 2676 4187 2,
2707 4133 2795 4179 16,
2830 4138 2886 4169 Io

1848 4151 1966 4188 num
1984 4169 2000 4196 ‚
2031 4144 2086 4186 'ea
2118 4131 2283 4187 odiosa
2307 4131 2428 4197 sunt,
2745 4170 2892 4242 Mat-fi.
