3182 5113
857 425 934 479 4²
1102 389 2426 458 ΒΕῙΝυυιοΕυτιΑ.ῦΛι.
2506 393 2601 450 11.

845 521 1004 587 cepta
1043 507 1276 565 moralia
1309 524 1323 563 ε
1401 505 1458 562 in
1499 502 1583 561 his
1624 501 1771 560 enim
1810 499 1999 557 Deum
2037 513 2286 573 unquam
2328 497 2626 573 dispensare
2676 514 2840 571 nega.

838 608 959 647 mus
985 633 1002 658 ,
1061 603 1124 642 ac
1160 602 1232 642 ne
1271 597 1383 642 tum
1422 579 1646 653 quidem
1688 577 1985 651 dispensat,
2044 593 2171 633 cum
2212 575 2533 632 Abrahamo
2566 576 2845 637 immolare

835 667 1085 727 Isaacurn
1125 674 1219 720 aut
1267 659 1537 717 Israelitas
1588 674 1673 714 res
1722 653 2122 728 AEgyptiorum
2169 651 2419 727 praecipit
2464 649 2702 707 auferre:
2744 652 2847 714 hoe

846 744 994 800 enim
1025 741 1189 797 furari
1218 756 1333 795 non
1385 736 1487 794 fuit
1511 777 1525 801 ,
1567 733 1658 790 sed
1689 751 1720 790 a
1764 733 2016 789 Domino
2053 731 2334 802 accipere3
2377 726 2464 783 lex
2520 737 2698 791 autem
2738 744 2848 786 non

850 816 1144 877 occidendi
1194 817 1253 872 in
1296 814 1347 871 se
1388 810 1778 886 exceptionem
1811 808 1959 880 justae
2002 807 2340 864 auctoritatis
2390 803 2661 861 continet.
2740 806 2853 860 Un-

846 897 919 953 de
956 894 1072 953 falli
1113 911 1210 950 eos
1252 904 1538 965 putamus,
1579 889 1677 961 qui
1716 888 1948 953 docent,
1996 884 2264 942 rationem
2302 883 2432 955 legis
2464 879 2690 949 injustos
2726 897 2851 937 con·

845 974 1070 1031 cubitus
1112 969 1453 1043 prohibentis
1491 967 1552 1022 in
1589 965 1810 1038 speciali
1845 963 2043 1020 ceffare
2083 959 2235 1033 posse
2266 1002 2280 1026 ,
2335 958 2579 1031 ideoque
2626 954 2677 1011 ἃ
2720 956 2855 1014 hanc

845 1052 1029 1123 legem
1085 1047 1317 1109 dicimus
1363 1041 1873 1116 indispensabilem,
1915 1040 2052 1096 ficut
2094 1035 2145 1092 ἃ
2201 1037 2380 1111 legem
2428 1034 2495 1090 de
2547 1049 2662 1088 non
2705 1047 2855 1089 men-

845 1125 1077 1191 tiendo,
1139 1123 1232 1179 etsi
1276 1122 1433 1178 multi
1476 1120 1807 1175 contrarium
1850 1117 2103 1172 sentiant.
2183 1116 2398 1184 Legem
2452 1121 2630 1166 autem
2676 1104 2742 1162 de
2781 1111 2852 1163 in-

847 1199 1254 1259 dissolubilitate
1295 1198 1351 1252 δε
1399 1194 1734 1251 matrimonii
1787 1193 1997 1249 unitate
2039 1191 2148 1247 esse
2197 1185 2607 1263 dispensabilem
2651 1227 2668 1253 ,
2732 1183 2781 1239 δε
2819 1205 2850 1242 a

851 1280 984 1337 Deo
1023 1275 1159 1333 olim
1189 1272 1577 1346 dispensatam,
1623 1272 1680 1327 in
1721 1271 1824 1326 hac
1862 1287 1919 1325 re
1949 1266 2243 1324 asserimus.

739 1372 795 1425 9.
926 1355 1017 1410 Fit
1062 1365 1246 1408 autem
1287 1348 1613 1423 dispensatio
1664 1363 1762 1419 per
1798 1344 2024 1402 modum
2064 1343 2153 1418 (ut
2192 1341 2430 1399 diximus
2470 1335 2728 1396 tollendae
2768 1339 2857 1393 ob-

853 1430 1165 1505 ligationi8‚
1223 1443 1334 1483 non
1383 1429 1444 1481 in
1487 1422 1804 1481 universum
1832 1421 1876 1497 ‚)
1929 1420 2072 1477 idem
2111 1419 2258 1475 enim
2321 1418 2455 1473 esset
2498 1417 2758 1487 abrogare
2794 1415 2861 1470 le-

851 1507 1061 1582 gem‚)
1122 1502 1213 1559 sed
1258 1501 1701 1575 particulariter,
1752 1511 1843 1555 aut
1883 1497 2253 1570 singulariter:
2314 1493 2465 1550 unde
2527 1489 2863 1564 dispensatio-

860 1603 989 1641 nem
1044 1581 1272 1656 quidam
1317 1578 1672 1651 privilegium
1714 1574 1937 1638 dixere,
1978 1591 2100 1628 cum
2146 1583 2325 1627 tamen
2378 1568 2722 1643 privilegium
2761 1583 2861 1623 non

857 1680 890 1717 a
933 1657 1195 1735 privanda
1238 1655 1361 1728 lege
1417 1654 1622 1712 dictum
1665 1652 1764 1718 fit,
1811 1666 1871 1708 ut
1908 1651 1987 1706 illi
2030 1647 2414 1708 crediderunt:
2478 1643 2567 1699 sed
2612 1644 2739 1715 quia
2785 1643 2863 1702 lex

864 1739 945 1795 est
978 1753 1095 1791 non
1134 1735 1189 1789 in
1232 1749 1534 1788 commune
1573 1731 1682 1787 lata
1704 1769 1716 1792 ,
1758 1728 1851 1784 sed
1880 1728 1936 1782 in
1978 1736 2165 1781 certos
2194 1723 2448 1781 homines
2478 1719 2767 1793 privatim,
2801 1721 2864 1779 ita

866 1828 930 1873 ut
959 1809 1282 1869 tantundem
1313 1807 1515 1865 distent
1554 1807 1638 1881 (fi
1670 1806 1837 1860 latine
1887 1803 2225 1876 loquamur)
2271 1799 2360 1855 lex
2406 1796 2459 1853 ἃ
2505 1795 2863 1869 privilegium,

864 1901 1137 1964 quantum
1172 1886 1456 1957 abrogatio
1496 1883 1550 1945 ,δι
1590 1881 1932 1953 dispensatio.

727 1977 814 2020 10·
944 1961 1273 2037 Dispensare
1294 2001 1308 2024 ,
1332 1962 1441 2018 hoc
1474 1960 1577 2024 est,
1619 1959 1740 2030 lege
1771 1956 2017 2020 solvere,
2046 1953 2090 2010 is
2110 1947 2485 2026 soluspotest,
2522 1948 2616 2022 qui
2642 1943 2866 2004 ferendae

873 2039 1313 2112 abrogandaeque
1341 2038 1476 2110 legis
1506 2034 1836 2110 potestatem
1876 2033 2059 2087 habet.

951 2118 1111 2173 Deus
1162 2114 1325 2187 igitur
1369 2115 1426 2171 in
1475 2111 1733 2167 omnibus
1768 2110 1909 2165 hanc
1946 2104 2278 2180 potestatem
2319 2101 2517 2160 habet:
2568 2100 2626 2157 in
2668 2097 2868 2172 legibus

876 2208 1064 2252 autem
1106 2192 1218 2248 Dei
1278 2187 1330 2242 &
1381 2198 1594 2243 naturae
1647 2201 1851 2243 nemo:
1918 2197 2082 2256 atque
2123 2181 2261 2237 adeo
2300 2196 2371 2235 ne
2409 2180 2465 2241 in
2510 2176 2619 2233 istis
2659 2177 2870 2248 quidem

871 2271 1119 2343 legibue,
1167 2283 1287 2338 quae
1327 2262 1396 2320 ad
1434 2263 1686 2339 gentium
1731 2263 1813 2331 jus
1856 2259 2167 2334 primarium
2208 2257 2501 2331 pertinent.
2579 2253 2652 2308 lis
2700 2264 2871 2309 autem

875 2350 934 2405 in
977 2345 1192 2418 legibus
1222 2385 1235 2408 ‚
1289 2357 1425 2414 quas
1467 2340 1619 2395 Deus
1660 2336 1874 2416 populo
1914 2334 2216 2393 israelitico
2258 2344 2473 2387 tantum
2524 2326 2830 2401 praescripfit
2856 2370 2870 2394 ,

877 2419 1208 2495 dispensatio
1237 2418 1424 2474 locum
1455 2416 1662 2473 habere
1692 2432 1805 2471 non
1842 2412 2025 2488 potest
2060 2409 2304 2485 respectu
2331 2408 2554 2470 aliarum
2597 2406 2874 2480 gentium²³

879 2518 1003 2559 cum
1040 2496 1191 2553 nulla
1231 2495 1295 2551 fit
1336 2493 1618 2566 obligatio.
2726 2520 2730 2532 .

784 2626 809 2650 0
955 2579 1022 2632 In
1060 2574 1178 2642 jure
1221 2570 1464 2643 gentium
1506 2566 1825 2625 secundario
1863 2567 1946 2636 jus
1987 2566 2064 2623 est
2107 2577 2170 2622 ut
2219 2561 2586 2634 dispensetur,
2642 2558 2768 2627 quia
2805 2553 2879 2611 est

745 2627 834 2666 L'
886 2652 955 2709 de
994 2646 1255 2706 concessu
1294 2647 1543 2720 gentium
1569 2688 1583 2712 ,
1625 2657 1685 2700 ut
1724 2644 1833 2700 hoc
1872 2644 2044 2715 ipsum
2081 2643 2174 2697 vix
2215 2655 2471 2718 apparere
2510 2634 2690 2707 poffit.

962 2728 1025 2783 In
1064 2725 1279 2797 legibus
1309 2732 1490 2778 autem
1538 2721 1789 2777 civilibus
1833 2718 2138 2794 dispensare
2180 2717 2256 2774 est
2291 2718 2440 2783 ejus,
2480 2713 2574 2778 qui
2614 2707 2879 2770 summam

752 2776 839 2831 13-
884 2805 1049 2862 habet
1093 2800 1459 2876 potestatem,
1514 2796 1565 2852 ἃ
1610 2799 1883 2853 minorum
1923 2797 2087 2852 etiam
2128 2792 2560 2863 magistratuum,
2601 2794 2877 2852 ,quatenus

879 2877 1229 2938 ferendarum
1288 2875 1339 2930 &
1408 2872 1843 2946 abrogandarum
1903 2873 2085 2944 legum
2138 2863 2458 2942 potestatem
2526 2865 2878 2928 acceperunt·

882 2960 949 3017 In
988 2952 1298 3012 domesticis
1337 2969 1565 3023 quoque
1600 2949 1812 3021 legibus
1841 2942 2223 3022 paterfamiHas
2265 2931 2544 3004 dispensat.

966 3033 1107 3089 Cum
1153 3029 1421 3085 maximus
1460 3026 1521 3081 fit
1560 3025 1683 3088 usus
1725 3023 2180 3098 dispensationum
2220 3012 2359 3067 circa
2399 3008 2547 3080 leges
2596 3007 2874 3082 poenales,

884 3107 1165 3166 sciendum
1197 3104 1307 3167 est,
1348 3105 1404 3158 in
1447 3103 1506 3157 iis
1548 3101 1789 3167 delictis,
1831 3115 1952 3174 quae
1994 3106 2218 3164 poenam
2258 3104 2323 3142 ex
2375 3084 2462 3139 sua
2507 3098 2693 3139 natura
2734 3100 2878 3143 come.

880 3184 1244 3244 mensuratam
1287 3181 1531 3243 habent,
1575 3190 1636 3234 ut
1683 3177 1761 3232 est
1810 3186 1977 3245 poena
2021 3166 2205 3223 mortis
2245 3164 2300 3219 in
2344 3159 2642 3218 homicidio
2676 3158 2877 3214 delibe-

879 3273 1033 3327 rato,
1087 3255 1544 3332 dispensationem
1591 3252 1786 3319 justam
1824 3246 1931 3302 esse
1972 3260 2086 3300 non
2135 3240 2325 3315 posse:
2389 3239 2441 3292 in
2491 3237 2606 3292 aliis
2653 3246 2874 3298 autem,

885 3356 1007 3410 quae
1047 3333 1362 3389 naturaliter
1392 3330 1582 3385 illicita
1620 3325 1776 3389 sunt,
1817 3320 1972 3395 poffe
2013 3337 2110 3393 per
2152 3312 2603 3390 dispensationem
2660 3327 2876 3385 poenam

884 3410 1133 3478 alterari,
1177 3407 1304 3462 dum
1335 3422 1404 3460 ne
1429 3420 1582 3474 aequa
1609 3401 1899 3473 proportio
1943 3394 1994 3451 &2
2028 3393 2234 3468 publici
2266 3390 2497 3461 exempli
2538 3388 2678 3445 ratio
2714 3386 2875 3459 negli-

880 3501 1108 3564 gantur,
1131 3483 1255 3542 tolli
1287 3492 1466 3537 autem
1497 3478 1730 3533 omnino
1760 3492 1875 3531 non
1914 3472 2099 3547 posse:
2141 3470 2197 3526 in
2235 3469 2319 3524 his
2351 3478 2568 3532 autem,
2600 3481 2730 3537 quae
2766 3463 2878 3519 sunt

885 3565 1124 3625 civiliter
1157 3558 1374 3621 illicita,
1417 3567 1641 3610 eatenus
1669 3553 1722 3609 in
1753 3568 1921 3624 poena
1962 3548 2112 3621 posse
2158 3542 2479 3618 dispensari,
2514 3553 2784 3614 quatenus
2827 3539 2876 3593 in

890 3642 1017 3716 ipsis
1047 3638 1293 3716 legibus;
1339 3633 1376 3689 fi
1410 3630 1611 3688 scilicet
1648 3646 1763 3695 non
1791 3626 1892 3689 sint
1939 3626 2104 3693 talea,
2142 3640 2261 3696 quae
2302 3621 2550 3695 semper,
2610 3616 2662 3692 (it
2714 3618 2774 3687 in
2824 3632 2878 3671 o·

888 3719 1116 3776 mnibus
1145 3708 1419 3771 servandae
1457 3705 1575 3762 fint.

973 3795 1062 3851 An
1111 3786 1438 3864 dispensatio
1482 3800 1597 3840 non
1640 3780 1776 3851 justa
1805 3778 1876 3846 de
1926 3777 2081 3838 causa
2116 3775 2250 3833 faeta
2297 3776 2414 3831 vim
2447 3771 2684 3848 habeat,
2720 3764 2880 3842 quaeri

900 3869 1122 3944 potest?
1164 3859 1604 3940 distinguendum
1633 3870 1918 3936 putamus:
1974 3867 2068 3918 aut
2110 3854 2261 3925 enim
2297 3861 2490 3922 contra
2530 3850 2614 3921 jus
2644 3860 2880 3908 naturae:

914 3952 917 3959 ·
1233 3950 1237 3954 ·
2760 3934 2885 3997 gen·

737 2158 824 2203 11.

759 3069 843 3123 Μ,

773 3824 864 3889 ξς·
