3182 5113
884 658 1216 723 MARE
1292 657 1889 728 LIBERUNL
2387 691 2419 720 ο

2384 716 2419 743 d

408 769 460 827 ὅῑ
497 771 569 830 sui
606 764 846 846 ipsorum
887 778 1055 833 animi
1095 773 1355 833 sententia
1396 789 1510 831 non
1541 777 1766 833 absolvi.
1849 777 1939 838 Ad
1969 789 2266 855 utrumque
2298 781 2414 840 hoc

410 847 587 905 forum
630 866 732 906 nos
775 869 999 923 quoque
1043 870 1244 919 novam
1285 849 1499 907 causam
1544 853 1868 916 afferimus;
1911 876 2023 915 non
2071 860 2297 917 hercule
2339 860 2411 917 de

410 923 687 982 stillicidiis
731 943 820 984 aut
881 927 1036 1000 tigno
1079 929 1353 997 injunfro,
1395 926 1587 997 quales
1626 929 1732 986 effe
1783 934 2130 1002 privatorum
2189 934 2407 1004 solent,

404 1018 469 1055 ac
507 1018 575 1057 ne
616 1018 685 1058 ex
719 1021 786 1059 eo
831 1005 1051 1076 quidem
1090 1023 1316 1077 genere,
1357 1000 1509 1075 quod
1549 1000 1811 1075 frequens
1843 1010 1924 1065 est
1949 1012 2089 1068 inter
2118 1014 2401 1086 populosa

405 1075 472 1132 de
506 1079 617 1149 agri
645 1078 766 1146 jure
794 1081 850 1135 in
882 1082 1129 1138 confinio
1159 1081 1458 1144 haerentis,
1499 1075 1569 1132 de
1603 1082 1773 1162 amnis
1794 1087 2093 1143 autinsulae
2121 1088 2403 1162 possessio-

403 1170 506 1208 ne:
555 1154 645 1209 sed
677 1154 746 1211 de
784 1158 935 1213 omni
975 1173 1149 1231 prope
1191 1157 1454 1223 Oceano,
1497 1153 1567 1210 de
1609 1169 1734 1221 Jure
1771 1161 2089 1230 navigandi,
2131 1163 2200 1223 de
2239 1165 2400 1222 liber-

406 1240 516 1283 tate
559 1234 1040 1289 commerciorum.
1115 1236 1261 1289 Inter
1305 1248 1409 1288 nos
1461 1228 1513 1284 δε
1572 1230 1846 1303 Hispanos
1885 1234 2005 1289 haec
2048 1242 2402 1298 controversa

408 1302 564 1359 sunt:
610 1306 758 1364 Sitne
808 1310 1122 1365 immenium
1161 1307 1214 1363 ἀ
1254 1307 1469 1364 vastum
1511 1321 1661 1360 mare
1703 1309 1857 1378 regni
1897 1312 2058 1367 unius
2093 1331 2194 1370 nec
2230 1320 2404 1375 maxi-

408 1380 481 1433 mi
512 1383 768 1438 accessio:
814 1386 1093 1457 populone
1131 1386 1384 1456 cuiquam
1414 1382 1501 1443 ius
1547 1377 1613 1432 fit
1648 1383 1903 1440 volentes
1931 1389 2176 1460 populos
2217 1397 2406 1462 probi-

408 1454 564 1522 bere,
607 1475 678 1512 ne
710 1460 984 1526 vendant,
1025 1478 1091 1516 ne
1120 1467 1465 1533 permutent,
1501 1471 1569 1509 ne
1614 1455 1854 1528 denique
1905 1477 2226 1522 commeent
2264 1468 2406 1526 inter

407 1528 543 1585 sese:
584 1536 896 1603 potueritne
936 1539 1228 1608 quisquam
1278 1529 1429 1602 quod
1471 1529 1627 1586 suum
1685 1547 1967 1605 nunquam
2013 1539 2119 1595 fuit
2154 1541 2367 1614 elargiri
2393 1586 2409 1609 ⁹

407 1615 500 1660 aut
537 1606 785 1666 invenire
825 1613 976 1683 quod
1010 1614 1122 1680 jam
1177 1619 1289 1663 erat
1324 1604 1566 1659 alienum
1600 1622 1616 1663 τ
1682 1624 1748 1665 an
1800 1612 1884 1677 jus
1935 1613 2166 1685 aliquod
2208 1620 2414 1675 tribuat.

405 1680 689 1738 manifesta
722 1686 871 1756 longi
906 1684 1166 1752 temporis
1195 1677 1405 1743 inju'ria.
1448 1679 1512 1733 In
1547 1681 1652 1738 hac
1684 1683 2086 1758 disceptatione
2112 1692 2271 1764 ipsis,
2313 1696 2415 1767 qui

401 1755 547 1812 inter
592 1756 869 1828 Hispanos
915 1752 1179 1828 praecipui
1220 1750 1339 1807 sunt
1388 1751 1557 1811 divini
1595 1771 1755 1832 atque
1796 1764 2021 1819 humani
2059 1768 2192 1835 juris
2238 1773 2412 1843 magi·

402 1831 529 1892 stri,
574 1831 834 1885 calculum
862 1829 1223 1900 porrigimuS,
1265 1826 1427 1899 ipsius
1470 1829 1704 1908 denique
1730 1835 2018 1908 Hispaniae
2047 1848 2296 1914 proprias
2329 1849 2407 1901 le·

405 1921 498 1974 ges
529 1904 903 1975 imploramus,
942 1903 1005 1958 Id
1038 1904 1074 1958 fi
1105 1903 1239 1959 nihil
1272 1903 1458 1970 juvat,
1500 1906 1550 1961 &
1599 1929 1697 1968 eos
1739 1927 1881 1984 quos
1920 1917 2063 1970 ratio
2094 1934 2240 1975 certa
2273 1940 2410 1979 con·

407 1979 610 2042 vincit,
656 1980 918 2050 cupiditas
970 1992 1115 2035 vetat
1154 1977 1439 2046 desistere,
1479 1985 1743 2056 vestram,
1788 1989 2105 2063 PrincipeS.
2161 1997 2409 2062 majesta-2

407 2066 516 2108 tem
539 2095 553 2119 ,
575 2055 808 2110 vestram
849 2053 1009 2109 fidem
1044 2066 1325 2127 quotquot
1356 2055 1477 2111 estis
1511 2061 1712 2134 ubique
1733 2105 1746 2126 ‚
1776 2065 2016 2129 GenteS,
2038 2069 2407 2140 appellamus,

404 2130 535 2185 Non
570 2132 918 2201 perplexam,
976 2145 1088 2186 non
1130 2131 1434 2187 intricatam
1473 2151 1758 2196 movemus
1800 2142 2181 2212 quaestionem.
2261 2148 2403 2202 Non,

406 2204 473 2258 de
512 2206 774 2276 ambiguis
816 2206 866 2258 in
907 2207 1174 2278 religione
1211 2206 1506 2279 capitibus»,
1567 2232 1693 2285 quae
1737 2215 2031 2287 plurimum
2073 2218 2276 2276 habere
2319 2225 2410 2278 vi-

405 2279 599 2335 dentur
627 2280 1010 2347 obscuritatis,
1056 2299 1179 2353 quae
1213 2284 1370 2338 tantis
1406 2299 1510 2341 tam
1544 2287 1636 2345 diu
1670 2294 1860 2349 animis
1902 2294 2174 2350 decertata
2196 2337 2208 2359 ‚
2257 2297 2404 2368 apud

406 2354 668 2425 sapientes
718 2355 827 2411 boc
876 2356 992 2413 fere
1028 2373 1229 2414 certum
1270 2360 1648 2431 reliquerunt,
1719 2384 1989 2441 nusquam
2032 2372 2208 2427 minus
2249 2373 2407 2429 inve-

407 2431 509 2483 niri
548 2432 830 2487 veritatem
878 2449 1042 2503 quam
1084 2436 1172 2488 ubi
1214 2436 1425 2508 cogitur
1465 2440 1708 2499 ass‘ensus.
1752 2446 1887 2500 Non
1932 2445 1999 2501 de
2030 2445 2167 2502 statu
2199 2449 2404 2505 nostrae

411 2505 762 2574 reipublicae,
826 2506 874 2563 ἃ
919 2508 1160 2566 libertate
1198 2513 1355 2568 armis
1398 2513 1543 2570 haud
1585 2532 1775 2591 parta,
1823 2522 1910 2577 sed
1956 2523 2260 2578 vindicata:
2333 2526 2407 2582 de

406 2596 510 2649 qua
539 2579 685 2639 reae
724 2583 953 2639 statuere
994 2586 1026 2640 ii
1068 2585 1284 2643 demum
1324 2590 1549 2659 poffunt
1590 2598 1682 2664 qui
1718 2599 1839 2664 jura
1869 2601 2040 2668 patria
2069 2598 2404 2672 Belgarum,

406 2672 587 2709 mores
632 2658 836 2726 avito&
886 2660 936 2715 &
987 2662 1283 2719 institutum
1323 2682 1438 2721 non
1482 2669 1536 2723 in
1577 2669 1730 2741 leges
1771 2689 2034 2745 regnum,
2092 2674 2179 2730 sed
2224 2696 2286 2732 ex
2330 2679 2407 2733 le·

404 2731 559 2800 gibus
595 2733 951 2805 principatum
994 2751 1241 2795 accurate
1283 2744 1691 2813 cognoverint3
1756 2747 1813 2801 in
1862 2766 1967 2819 qua
2022 2761 2202 2807 tamen
2255 2770 2413 2824 quae-

404 2805 580 2861 stione
630 2812 801 2878 aequis
839 2810 1110 2878 judicibus
1153 2829 1413 2871 extremae
1454 2815 1724 2877 servitutis
1790 2823 2006 2895 depulsa
2068 2829 2351 2885 neceffitas
2382 2874 2400 2898 ‚

403 2878 642 2936 subtilius
682 2884 1080 2954 inquirentibus
1132 2891 1338 2948 decreti
1377 2906 1460 2950 tot
1504 2898 1788 2954 nationum
1821 2902 2041 2970 publica
2074 2906 2398 2971 auctoritaS,

404 2955 617 3012 infensis
654 2958 820 3013 etiam
863 2958 1238 3022 &malevolis
1273 2967 1707 3028 adversariorum
1751 2978 2019 3033 confeffio
2061 2980 2194 3034 nihil
2239 2979 2394 3037 dubi-

407 3031 626 3087 tandum
666 3035 899 3107 reliquit.
984 3039 1088 3095 Sed
1135 3043 1288 3113 quod
1328 3046 1417 3101 hic
1456 3052 1864 3120 proponimus,
1943 3054 2079 3107 nihil
2122 3072 2243 3111 cum
2287 3056 2398 3114 istis

403 3123 690 3162 commune
724 3112 905 3167 babet.
943 3116 1141 3173 nullius
1195 3120 1403 3193 indiget
1457 3126 1637 3180 anxiae
1699 3126 2110 3198 disquisitionis,
2155 3148 2271 3188 ΠοΠ
2333 3151 2404 3191 ex

407 3182 573 3236 divini
618 3184 819 3241 codicis
861 3191 1059 3258 pendet
1103 3195 1500 3265 explicatione,
1550 3202 1703 3270 cujus
1745 3205 1912 3258 multa
1958 3206 2114 3260 multi
2161 3224 2275 3262 non
2322 3225 2410 3265 ca·

406 3258 576 3328 piunt.
617 3276 728 3316 non
770 3278 836 3317 ex
875 3267 1030 3322 unius
1061 3271 1252 3341 populi
1297 3269 1438 3328 scitis
1480 3291 1606 3345 quae
1656 3282 1844 3335 caeteri
1890 3283 2088 3337 merito
2130 3281 2410 3355 ignorant.

409 3334 524 3387 Lex
570 3334 656 3389 illa
699 3334 731 3391 e
766 3340 917 3405 cuius
956 3345 1264 3418 praescrIpto
1307 3348 1660 3414 judicandum
1704 3358 1816 3420 est,
1900 3358 2132 3413 inventu
2174 3360 2249 3416 est
2290 3379 2410 3418 non

409 3406 665 3474 difficilis,
708 3426 906 3486 utpote
948 3420 1135 3477 eadem
1177 3423 1317 3496 apud
1361 3442 1585 3483 omnes:
1628 3428 1679 3483 ἃ
1724 3426 1898 3487 facilis
1942 3434 2259 3499 intellectu,
2321 3451 2407 3493 ut«

407 3497 538 3553 pote
583 3497 706 3542 nata
760 3507 882 3545 cum
925 3492 1137 3569 singulis
1165 3540 1177 3563 ‚
1230 3501 1566 3573 fingulorum
1610 3508 1884 3563 mentibus
1929 3511 2097 3566 insita.
2178 3513 2273 3586 Jus
2314 3531 2408 3567 au-

408 3571 523 3613 tem
565 3561 715 3632 quod
760 3567 992 3636 petimus
1046 3574 1153 3629 tale
1192 3575 1302 3643 est,
1348 3576 1497 3649 quod
1533 3597 1639 3635 nec
1677 3599 1771 3640 rex
1807 3584 2031 3641 subditis
2069 3604 2271 3658 negare
2312 3588 2406 3644 de-

407 3634 569 3692 beat,
613 3654 798 3710 neque
838 3642 1167 3707 Christianus
1208 3669 1321 3710 non
1362 3653 1692 3712 Christianis.
1771 3660 1825 3715 A
1880 3672 2067 3716 natura
2112 3664 2255 3719 enim
2300 3666 2408 3721 ori-

408 3722 530 3795 tur3
569 3728 687 3782 quae
723 3733 790 3771 ex
823 3737 978 3792 aequo
1008 3730 1248 3785 omnium
1279 3747 1471 3802 parens
1504 3731 1612 3793 est,
1654 3733 1708 3787 in
1746 3753 1938 3791 omnes
1971 3737 2266 3808 munifica,
2314 3759 2407 3797 cu-

404 3799 487 3851 Jus
516 3791 799 3858 imperium
842 3799 896 3850 in
926 3815 1020 3855 eos
1050 3806 1360 3863 extenditur
1394 3808 1482 3877 qui
1525 3808 1775 3879 gentibus
1819 3812 2118 3882 imperant,
2165 3814 2216 3870 (St
2256 3817 2409 3890 apud

407 3875 506 3916 eos
552 3860 917 3927 sanetiffimum
947 3877 1022 3931 est
1053 3883 1146 3952 qui
1184 3881 1235 3938 in
1272 3884 1472 3955 pietate
1509 3884 1819 3954 plurimum
1854 3887 2226 3959 profecerunt.
2293 3897 2410 3950 Co-

405 3937 648 4021 gnoscite
685 3944 828 4002 hanc
870 3952 1078 4010 causam
1132 3959 1407 4032 Principes
1439 4001 1456 4028 ,
1517 3960 1833 4032 cognoscite
1886 3964 2110 4036 Populi.
2174 3964 2212 4021 fi
2272 3970 2409 4041 quid

404 4026 649 4099 iniquum
690 4023 1051 4096 postulamUS,
1094 4032 1236 4090 scitis
1275 4055 1394 4109 quae
1433 4036 1645 4103 vestra,
1691 4038 1743 4093 ἃ
1787 4058 1816 4094 e
1862 4043 2025 4099 vobis
2071 4061 2263 4101 eorum
2307 4047 2403 4119 qui

407 4092 705 4154 viciniores
734 4102 898 4158 nobis
942 4104 1096 4177 estis,
1137 4111 1281 4186 apud
1326 4130 1428 4169 nos
1472 4112 1678 4189 semper
1710 4116 1875 4175 fuerit
1920 4120 2227 4178 auctoritas,
2286 4141 2406 4178 mo·

1319 4188 1479 4249 Exit
1523 4204 1556 4244 2,
2242 4212 2413 4267 nete„·
