3182 5113
833 435 980 532 342
1479 421 1570 501 Ι,
1616 417 1651 500 Ῑ
1700 427 1761 499 Β
1809 427 1877 500 E
1922 422 2005 501 R
2086 431 2166 504 ·1.³
2570 450 2633 522 §.
2681 452 2843 514 nn.

796 625 800 632 ι
912 580 963 620 2.
1004 562 1248 620 Tantum
1274 550 1704 627 illudquaeritur
1731 597 1747 623 ‚
1791 570 1861 612 an
1895 566 1991 612 aut
2027 553 2259 630 privatis
2301 567 2397 615 aut
2430 560 2671 633 publicis
2720 585 2841 640 per-

833 640 980 700 sonis
1022 632 1232 693 bellum
1289 647 1482 706 gerere
1540 631 1709 688 liceat
1758 631 1816 686 in
1862 648 1960 689 eos
2001 674 2016 700 ,
2082 649 2325 706 quorum
2385 635 2628 710 imperio
2665 657 2698 700 4
2730 644 2846 703 five

833 718 1045 774 summo
1075 710 1188 766 five
1221 718 1243 762 5
1282 708 1487 765 minori
1523 704 1792 764 subsunt?
1835 707 1926 766 Ac
1959 707 2199 781 primum
2237 706 2295 764 id
2343 711 2572 770 minime
2619 731 2849 779 contro-

833 788 1048 849 versum
1084 785 1161 842 est
1186 830 1200 855 ‚
1243 803 1392 842 arma
1430 782 1565 841 sumi
1604 783 1758 856 posse
1794 792 1823 831 6
1859 784 1922 840 in'
1959 784 2254 842 inferiores
2301 788 2369 843 ab
2415 788 2518 857 iis,-
2561 793 2659 864 qui
2709 795 2847 855 sum·

830 883 931 925 mae
961 861 1250 937 potestatis
1285 861 1616 917 auctoritate
1655 870 1935 917 armantur
1973 879 1986 915 τ
2049 861 2224 934 qualis
2279 862 2390 919 fu-it
2424 865 2735 928 Nehemias
2768 891 2848 930 ar-

829 952 1012 999 matus
1045 938 1231 997 edicto
1271 937 1606 995 Artaxerxis
1651 934 1908 993 adversus
1954 936 2174 994 vicinos
2209 939 2456 1011 regulos.
2539 943 2630 1001 Sic
2670 961 2698 1005 7
2737 964 2851 1006 me-

584 1037 684 1089 01..
698 1030 1047 1080 devo-tatores
1080 1013 1403 1088 expellendi
1447 1011 1682 1068 domiuo
1712 1012 1904 1085 praedii
1927 1012 2227 1085 v,licentiam
2257 1021 2292 1058 a·
2321 1017 2698 1090 Imperat-ores
2732 1026 2850 1084 Ro-

555 1119 657 1154 tam.
691 1089 985 1169 c-,demani
1035 1088 1378 1149 concedunt.
1457 1089 1675 1143 Verum
1725 1087 1983 1145 adversus
2045 1088 2312 1147 summam
2371 1093 2711 1166 potestatem
2755 1115 2852 1158 aut

556 1168 794 1234 Metatpss·
843 1185 866 1223 s
903 1169 1195 1226 inferiores
1219 1210 1233 1234 ,
1269 1163 1360 1220 sed
1393 1174 1624 1238 agentes
1657 1162 1828 1235 quod-
1845 1176 2021 1236 agunt
2072 1163 2292 1224 summae
2338 1170 2633 1243 potestatis
2667 1178 2852 1235 πᾶσι

553 1233 642 1277 ⁶¹⁴³·
679 1220 755 1334 {f
784 1297 805 1338 5
845 1247 1044 1312 ritate,
1087 1242 1222 1316 quid
1255 1242 1419 1297 liceat
1442 1239 1727 1313 quaeritur.

552 1306 659 1345 xxx·
719 1300 765 1348 ε·
815 1315 829 1329 ·
913 1339 965 1393 3,
1006 1319 1153 1378 mad
1187 1316 1413 1391 quidem
1442 1314 1594 1391 apud
1623 1329 1821 1384 omnes
1849 1314 2040 1371 bonos
2073 1329 2232 1375 extra
2265 1324 2707 1383 controversiam
2740 1327 2853 1399 est,

839 1399 881 1458 fi
911 1397 1049 1472 quid
1086 1396 1361 1467 imperent
1391 1390 1630 1448 naturali
1656 1390 1763 1459 J'uri
1792 1399 1888 1443 aut
1918 1388 2120 1449 divinis
2154 1399 2450 1470 praeceptis
2486 1402 2854 1473 contrarium,

841 1492 962 1533 non
998 1471 1106 1529 effe
1134 1467 1453 1545 faciendum
1486 1511 1501 1536 ,
1545 1465 1704 1540 quod
1732 1466 1957 1552 jubent·
2035 1469 2184 1527 Nam
2233 1471 2497 1544 Apostoli
2538 1495 2668 1535 cum
2702 1478 2860 1537 dixe-

843 1562 976 1609 runt
1015 1550 1147 1606 Deo
1177 1545 1349 1618 magis
1384 1555 1552 1616 quam
1587 1542 1914 1599 hominibus
1952 1541 2336 1603 obediendum
2361 1592 2376 1616 ‚
2419 1551 2489 1606 ad
2505 1554 2861 1612 certiffimam

847 1644 875 1683 9
910 1633 1292 1700 provocarunt
1326 1619 1577 1693 regulam
1610 1662 1624 1686 ‚
1678 1617 1936 1674 omnium
1975 1616 2295 1693 inscriptam
2326 1627 2646 1697 mentibus»,
2692 1645 2864 1702 quam

585 1686 610 1737 ὅ
637 1678 774 1789 ΑΡῩΞ·
847 1700 1087 1759 totidem
1131 1698 1307 1756 ferme
1360 1696 1546 1753 verbis
1602 1691 1913 1778 express‘am
1961 1693 2110 1764 apud
2157 1696 2455 1757 Plato-nem
2493 1701 2521 1748 b
2565 1705 2858 1776 reperias:

553 1748 727 1862 {mag
753 1754 903 1835 ’1³⁰at
942 1777 1056 1833 rofi
1085 1791 1195 1848 qua
1228 1790 1302 1829 ex
1333 1772 1430 1828 tali
1468 1768 1628 1829 causa
1652 1813 1666 1839 ,
1712 1780 1808 1824 aut
1837 1768 2052 1840 alloqui
2085 1771 2214 1842 quia
2249 1772 2521 1832 summum
2560 1778 2864 1851 Imperium

556 1830 782 1926 {im-:1-
840 1851 1072 1912 habenti
1111 1852 1186 1907 ita
1220 1849 1395 1917 libet,
1438 1847 1637 1916 injttria
1662 1844 1830 1903 nobis
1863 1843 2132 1901 inferatur
2155 1888 2171 1914 ‚
2214 1863 2281 1903 ea
2314 1849 2612 1908 toleranda-
2655 1854 2734 1910 est
2763 1871 2867 1928 po-

559 1936 651 1992 Ed,
684 1928 956 2003 stepboeius
976 1973 990 1999 ‚
1034 1944 1204 2001 quam
1235 1926 1294 1982 vi
1324 1922 1703 1981 resistendum.

917 2007 989 2063 ΙΙ.
1037 2021 1085 2060 1.
1127 2005 1201 2062 Et
1237 1999 1564 2057 naturaliter
1596 1996 1827 2070 quidem
1858 2013 2054 2069 omnes
2096 1994 2166 2051 ad
2196 1997 2494 2057 arcendam
2524 2018 2557 2057 a
2616 2001 2670 2059 se
2727 2004 2864 2075 inju-

846 2083 983 2142 riam
1010 2081 1097 2149 jus
1129 2080 1343 2153 habent
1387 2072 1671 2132 refistendi
1705 2119 1719 2142 ‚
1777 2083 1842 2128 ut
1893 2072 2050 2146 supra
2104 2072 2367 2130 diximus,
2449 2076 2561 2134 Sed
2595 2079 2750 2135 civili
2781 2081 2865 2138 so·

845 2158 1051 2215 cietate
1087 2154 1157 2211 ad
1178 2153 1462 2211 ”tuendam
1502 2151 1785 2223 publicam
1824 2148 2294 2220 tranquillitatem
2326 2149 2577 2224 instituta
2609 2197 2624 2222 ‚
2682 2156 2866 2225 statim

845 2232 1064 2293 civitati
1113 2247 1163 2280 11
1205 2231 1290 2300 jus
1323 2227 1614 2304 quoddam
1644 2227 1817 2294 majus
1850 2225 1907 2281 in
1940 2240 2045 2281 nos
2077 2222 2130 2280 &
2179 2226 2370 2282 nostra
2403 2224 2645 2285 nascitur
2680 2275 2696 2301 ‚
2716 2232 2868 2303 'qua-

845 2322 1011 2367 tenus
1043 2305 1113 2363 ad
1144 2307 1315 2370 finem
1353 2306 1511 2361 illum
1543 2301 1601 2359 id
1643 2300 2010 2375 necessarium
2056 2301 2151 2358 est.
2231 2302 2423 2360 Potest
2459 2305 2631 2376 igitur
2669 2308 2870 2372 civitas

837 2378 1109 2456 jus”²“‘illud
1156 2379 1440 2440 resistendi
1479 2376 1860 2453 promiscuum
1897 2384 1952 2421 12
1981 2376 2219 2448 publicae
2265 2379 2418 2450 pacis
2461 2378 2515 2436 &
2568 2395 2620 2433 13
2657 2382 2872 2441 ordinis

841 2460 1003 2518 causa
1038 2458 1384 2533 prohibere:
1426 2456 1502 2514 Et
1534 2455 1674 2528 quin
1703 2451 1950 2510 voluerit
1970 2494 1985 2519 ,
2033 2452 2404 2510 dubitandum
2442 2470 2563 2512 non
2596 2458 2674 2515 est
2694 2502 2710 2528 ‚
2738 2476 2869 2516 cum

844 2537 1010 2597 aliter
1036 2544 1157 2594 non
1186 2533 1370 2611 posset
1402 2546 1461 2589 14
1489 2531 1662 2589 finem
1705 2528 1861 2589 suum
1922 2526 2210 2603 consequi.
2254 2526 2372 2606 (aa)
2398 2546 2527 2589 nam
2567 2533 2607 2593 fi
2645 2544 2898 2599 maneat-

2730 2625 2863 2681 pro-

1082 2761 1130 2807 G
1161 2770 1200 2806 R
1231 2770 1271 2806 ο
1302 2771 1344 2805 Ν
1379 2769 1416 2806 o
1451 2771 1486 2809 v
1517 2770 1539 2808 1
1572 2771 1613 2807 1.
1959 2772 2008 2805 11
2058 2757 2152 2817 Jus
2206 2755 2424 2820 quoddam
2464 2757 2613 2816 majus
2661 2762 2710 2807 in
2761 2775 2836 2807 nos
2853 2763 2880 2816 J.

1377 2849 1380 2852 »
1827 2843 1831 2849 ·
1891 2824 2194 2868 Communis
2219 2819 2447 2866 utilitatis
2471 2834 2586 2883 ergo
2622 2824 2869 2884 privatum

906 2903 941 2945 4
973 2883 1080 2935 Sive
1098 2884 1311 2945 flammo]
1348 2881 1410 2932 Ut
1440 2884 1491 2932 in
1521 2897 1706 2948 regem.
1891 2885 2125 2948 cujusque
2150 2882 2220 2936 jus
2249 2879 2529 2945 restringens
2555 2885 2862 2933 &coercens

915 2966 938 3004 5
976 2950 1189 3005 Minori]
1253 2952 1317 2995 Ut
1343 2948 1396 2995 in
1434 2946 1718 3013 praefectum
1760 2959 1838 2995 re·-
1962 2958 2017 2988 12
2052 2941 2243 2989 Publica.
2271 2948 2431 3007 pacis]
2510 2949 2588 2993 Ne
2629 2948 2680 2995 in
2707 2949 2871 2997 media

850 3013 1007 3079 giam,
1260 3043 1265 3046 .
1892 3017 2009 3068 pace
2040 3006 2307 3070 perpetuI,
2363 3019 2446 3055 aut
2498 3009 2580 3056 alii
2633 3024 2690 3057 ex
2731 3012 2872 3068 aliis,

918 3086 947 3124 6
980 3076 1035 3123 In
1066 3074 1336 3134 inferiores]
1398 3072 1651 3132 Subiestos
1676 3068 1837 3117 eidem
1896 3068 2135 3115 orirentur
2161 3069 2405 3118 tumultus
2441 3072 2707 3135 imperium
2747 3074 2871 3124 inhi-

852 3139 1065 3201 imperio
1096 3136 1155 3185 ab
1199 3137 1329 3199 illis,
1373 3134 1555 3201 quibus
1594 3133 1841 3198 provincia
1896 3129 2117 3179 bentium
2149 3131 2196 3176 ὅ(
2225 3131 2618 3182 detrectantium.

858 3206 936 3251 vel
963 3202 1151 3248 curatio
1184 3214 1299 3247 cum
1325 3201 1425 3260 jure
1469 3210 1721 3246 armorum
1762 3193 1841 3243 ad·
1963 3209 2012 3246 13
2052 3192 2268 3255 Ordinis]
2340 3198 2444 3260 Qi
2473 3196 2781 3261 postulabat,
2817 3211 2871 3247 ut

858 3261 1019 3316 versus
1049 3261 1328 3311 obsistentes
1356 3261 1584 3309 mandata
1611 3259 1694 3308 est.
1897 3254 2047 3304 essent
2065 3292 2081 3318 ,
2113 3257 2199 3323 qui
2225 3257 2460 3307 ducerent
2477 3261 2689 3325 ‚quique
2706 3259 2876 3327 seque·

917 3345 945 3388 7
978 3327 1252 3383 Metatores]
1290 3326 1391 3388 Qi
1418 3322 1663 3372 militibus
1694 3334 1840 3370 trans·
1894 3332 2099 3376 rentur;
2147 3321 2237 3386 qui
2278 3324 2627 3386 praeciperent,
2718 3326 2869 3388 nique

856 3389 1088 3442 euntibus
1118 3388 1260 3438 castra
1287 3386 1550 3451 designant.
1895 3382 2135 3441 facerent;
2190 3383 2484 3448 imperantes
2516 3385 2628 3448 alii,
2676 3340 2756 3433 51Ξί
2792 3401 2873 3450 pa-

924 3467 948 3503 8
982 3455 1248 3516 Inferiores]
1294 3450 1552 3500 Praefestos
1578 3463 1662 3498 aut
1690 3448 1837 3498 mini·
1891 3459 2055 3495 rentes
2084 3482 2100 3508 ,
2148 3447 2197 3492 ὃ(
2234 3448 2285 3494 in
2331 3447 2425 3494 hoc
2464 3447 2587 3495 statu
2629 3450 2872 3513 quisque,

863 3512 997 3565 stros.
1893 3513 2093 3559 nemine
2121 3506 2346 3559 turbante
2370 3511 2491 3557 alios
2509 3544 2527 3571 ,
2561 3508 2729 3559 officio
2765 3510 2876 3562 fun·

930 3595 956 3631 9
988 3582 1315 3636 Provocarunt]
1348 3583 1535 3629 Contra
1559 3575 1701 3626 civile
1731 3576 1835 3639 jus,
1895 3587 2134 3640 gerentur.

904 3641 1003 3687 uod
1039 3645 1249 3708 praecipit
1289 3641 1622 3692 obediendum
1655 3654 1832 3705 praepo·
1961 3655 2019 3697 14
2050 3638 2206 3686 Finem
2219 3637 2387 3698 suum]
2432 3634 2869 3703 Tranquillitatem

906 3703 1000 3762 tis,
1033 3707 1162 3755 velut
1188 3707 1401 3771 superius
1435 3703 1648 3755 tribunal
1677 3704 1836 3770 appel·
1896 3702 1945 3751 δε
1970 3701 2282 3752 securitatem
2309 3698 2571 3763 publicam.

864 3765 1029 3813 larunt
1054 3766 1163 3821 iuris
1190 3784 1381 3818 naturae.
1456 3768 1458 3770 ’

931 3844 989 3875 10
1023 3828 1073 3876 Si
1104 3844 1191 3892 qua
1217 3849 1268 3878 ex
1298 3835 1425 3895 tali]
1475 3830 1629 3896 Quod
1657 3828 1836 3892 recusa·
1957 3827 2065 3893 (aa)
2117 3823 2521 3893 Distinguendum
2578 3826 2688 3877 heic
2752 3830 2877 3878 inter

859 3893 989 3939 veris
1015 3889 1176 3938 facete
1211 3891 1352 3955 jussa,
1402 3898 1518 3962 quia
1552 3895 1654 3950 sme
1683 3893 1839 3950 offen·
1897 3893 2093 3954 injurias
2123 3890 2278 3941 dubias
2305 3903 2386 3937 aut
2412 3891 2653 3939 tolerabiles
2673 3926 2687 3948 ‚
2719 3894 2880 3939 &mae

861 3951 1003 4008 fiune
1024 3954 1122 4006 Dei
1140 3951 1298 4005 facere
1319 3970 1546 4022 nequeas,
1896 3956 2081 4022 niftstas
2105 3972 2161 4009 ac
2187 3951 2507 4011 intolerandas.
2556 3955 2677 4021 Qae'
2702 3956 2879 4021 prioris

2793 4030 2872 4081 se-
