3182 5113
1448 415 2085 496 INDEX?

623 532 993 591 Matrimonium
1025 524 1086 589 ad
1115 521 1561 591 morgengabicam.
1601 540 1703 636 περ]
1724 559 1738 579 ‚
1856 525 1943 583 tii,
1979 526 2040 574 ad
2065 536 2212 589 quem
2239 523 2393 576 sermo
2421 542 2521 576 non
2544 526 2778 592 dirigitur.
2845 543 2903 596 3,'

624 657 993 727 Matrimonium
1006 655 1130 720 apud
1145 669 1323 709 veteres
1338 661 1594 716 Romanos
1611 605 1737 716 pdst3-
1795 655 2104 705 Mendacium
2134 652 2302 711 dicitur
2329 606 2717 717 multiplicitssrffg
2734 631 2754 718 ’,
2773 612 2904 717 11'102

683 728 874 775 liminio
899 740 1004 800 non
1032 721 1377 797 restituebatur.
1446 738 1466 774 3
1491 757 1503 777 ‚
1525 739 1596 794 p,
1632 734 1660 772 9
1678 753 1689 774 ‚
1712 735 1738 767 2
1853 722 1969 782 quid
1998 720 2073 784 fit.
2701 740 2720 777 3
2742 761 2756 782 ,
2794 740 2812 771 ι
2833 762 2846 784 ,
2877 741 2898 777 8

620 793 930 858 Matrimonii
983 789 1154 853 petitio
1198 785 1371 845 iniusta
1418 784 1537 834 belli
1584 785 1735 833 causat
1797 785 2108 835 Mendacium
2149 783 2234 836 alii
2281 784 2484 836 laudant
2514 784 2599 833 alii
2627 786 2907 848 vituperant.

1010 870 1195 914 ,2³22ae
1234 856 1454 910 7.&2‚
1499 864 1740 908 1,21,2

2700 868 2904 911 3,1‚9

623 920 934 983 Matrimonii
974 919 1291 973 contrahendi
1333 916 1526 965 libertas
1562 914 1743 962 nemini
1798 914 1858 964 ad
1886 915 2198 971 Mendacium
2228 914 2516 982 confugere,
2541 927 2660 971 nota
2685 913 2751 963 est
2777 919 2907 968 infir-

629 987 632 990 ’
685 986 826 1036 debet
853 986 1032 1042 adimi,
1066 984 1152 1033 nisi
1188 980 1459 1046 praecesserit
1496 980 1742 1033 delictum.

688 1069 792 1110 2‚2
811 1087 826 1108 ,
848 1070 925 1101 22.
959 1051 1125 1099 vicinis
1156 1048 1323 1113 negari
1346 1045 1459 1094 ⁴⁴non
1490 1044 1644 1093 debet.
1687 1062 1711 1092 2
1730 1081 1742 1099 ‚
1801 1047 2170 1096 Mendaciorum

630 1135 638 1139 ²
682 1134 744 1184 a,
782 1134 858 1165 21.
899 1119 1031 1180 leges
1076 1130 1179 1178 quae
1225 1112 1398 1167 exteris
1430 1111 1741 1176 matrimonia

689 1197 904 1246 negant,
935 1181 1051 1244 quid
1087 1192 1297 1242 negent.-

623 1248 935 1312 Matrimonii
960 1247 1079 1294 fides
1104 1246 1415 1307 aequiparatur
1438 1240 1560 1296 vitat.
1595 1254 1635 1296 1,
1653 1259 1701 1301 2,
1722 1259 1738 1295 5

586 1336 590 1344 ·
626 1310 933 1370 'Matrimonii
960 1315 1062 1376 jura
1079 1325 1137 1376 cir
1167 1311 1275 1373 lege
1302 1306 1585 1372 Christiana.
1625 1323 1651 1353 2
1671 1341 1684 1361 ,
1703 1324 1746 1361 5,

1859 983 2081 1033 mitaris„
2667 994 2688 1033 3
2710 1013 2723 1036 ,
2760 998 2778 1029 r
2800 1017 2814 1038 ,
2855 1001 2904 1047 ¹5

2250 1046 2605 1109 inculpatorum
2674 1051 2909 1109 exempla.

2811 1117 2905 1164 ibid.

1643 1178 1740 1224 ibid.
1805 1174 2076 1240 Mendacii,
2095 1192 2188 1242 qua
2216 1175 2441 1225 illicitum
2466 1172 2771 1231 naturaliter,
2799 1180 2908 1240 quid

1860 1242 2124 1293 materiale.
2168 1260 2188 1297 3
2212 1276 2226 1299 ‚
2265 1257 2351 1299 10,
2389 1255 2429 1288 1.
2457 1240 2573 1302 quid
2600 1238 2820 1291 formale.
2857 1263 2910 1303 3,

2671 1317 2691 1354 1
2712 1339 2726 1359 2
2769 1320 2817 1353 [Ι
2837 1342 2849 1363 ,
2887 1326 2905 1357 1

1490 1387 1579 1425 ·9,
1615 1387 1642 1418 2
1667 1405 1680 1427 ,
1720 1388 1739 1426 3
1802 1365 1860 1415 de
1904 1371 2163 1419 Mendacio
2202 1374 2251 1421 <Sc
2299 1366 2681 1434 aequivocatione
2721 1369 2909 1422 Schola,

632 1441 958 1492 Matrimonia
1004 1453 1103 1497 non
1145 1436 1353 1500 ineunda
1396 1451 1504 1490 cum
1541 1436 1743 1498 propha-

697 1510 786 1556 nis,
1272 1515 1742 1559 2,15‚10,4,3

631 1570 957 1633 Matrimonia
987 1569 1205 1632 quaedam
1238 1568 1355 1615 talia
1382 1568 1486 1615 sunt
1526 1580 1584 1625 ex
1610 1566 1719 1627 lege
1739 1601 1773 1620 ,b

699 1651 750 1684 ut
790 1635 925 1686 liberi
966 1636 1027 1684 ad
1050 1632 1389 1697 haereditatem
1427 1646 1533 1679 >non
1575 1630 1752 1676 admit-

692 1714 875 1752 tantur.
1327 1732 1330 1736 -
1436 1710 1503 1752 ἐ,
1536 1710 1596 1751 7,
1632 1704 1690 1750 8,
1728 1712 1746 1748 3

633 1764 956 1826 Matrimonia
982 1764 1185 1828 plurium
1211 1776 1417 1813 uxorum
1452 1760 1571 1808 olim
1607 1759 1757 1807 licita.

1357 1842 1431 1890 329*
1452 1842 1473 1881 ς
1495 1858 1507 1879 2
1537 1840 1596 1880 92
1631 1843 1692 1881 4³
1734 1840 1753 1871 Ῑ

1809 1500 2114 1547 Mendacium
2142 1517 2225 1565 pro
2250 1503 2364 1558 vita.

1809 1563 2027 1611 Mensura
2054 1567 2151 1624 ejus
2175 1567 2309 1629 quod
2339 1580 2410 1613 res
2431 1560 2611 1610 valent.
2651 1577 2677 1607 2
2697 1595 2710 1617 ‚
2743 1577 2797 1610 ¹2
2817 1599 2828 1619 ‚
2858 1581 2912 1625 ¹4

1807 1629 2005 1677 Mentiri
2034 1633 2158 1692 apud
2189 1632 2439 1679 volentem
2467 1641 2529 1673 an
2559 1625 2720 1676 liceat.
2769 1644 2787 1681 3
2810 1662 2823 1683 ‚
2859 1645 2875 1677 1
2894 1667 2909 1688 ‚

1863 1433 2084 1484 sticorum
2107 1436 2355 1502 sententia
2582 1448 2602 1492 3
2628 1465 2643 1487 2
2678 1446 2694 1477 1
2717 1467 2731 1488 >
2773 1450 2855 1493 17,
2886 1456 2904 1491 Ξ

2682 1513 2908 1554 351216

2778 1707 2858 1750 ¹4›
2887 1712 2907 1744 1

1807 1756 2006 1805 Mentiri
2037 1756 2160 1805 hosti
2192 1756 2337 1804 licere
2361 1756 2442 1821 qui
2474 1754 2714 1812 senserint,
2775 1774 2795 1809 3
2817 1791 2829 1812 ‚
2862 1775 2878 1805 1
2897 1795 2911 1816 ,

2770 1836 2852 1876 17,
2888 1839 2908 1875 1

642 1897 964 1947 Matrimonia
1011 1909 1119 1954 cum
1178 1888 1456 1956 propinquis
1503 1890 1760 1951 sanguine,
1812 1885 2011 1934 Mentiri
2050 1890 2098 1936 ὅ(
2155 1889 2397 1936 occultate
2443 1901 2640 1942 verum,
2677 1882 2915 1945 distinaa,

651 1962 654 1964 ’
708 1976 791 2009 aut
819 1959 1086 2017 affinitate,
1117 1959 1271 2014 unde,
1308 1960 1357 2006 &
1402 1965 1635 2018 quatenus
1663 1954 1755 2005 illi-

706 2027 819 2076 cita.
1074 2031 1078 2038 “
1195 2029 1753 2077 ‘⁸‚5212-‚1‚13‚1

643 2089 966 2141 Matrimonia
1010 2082 1262 2150 parentum
1302 2100 1410 2146 cum
1436 2083 1623 2131 'liberis
1648 2118 1662 2138 ,
1711 2086 1760 2131 δι

710 2155 970 2210 liberorum
1015 2169 1121 2201 cum
1169 2151 1441 2214 parentibus
1484 2163 1653 2196 contra
1699 2148 1767 2205 ius

708 2235 912 2267 naturae:
938 2224 986 2267 &
1018 2220 1144 2265 unde
1170 2217 1356 2264 illicita.
1389 2231 1416 2261 2
1433 2249 1446 2268 ,
1469 2230 1487 2267 5
1511 2249 1526 2269 ,
1547 2230 1603 2263 12
1623 2248 1636 2269 ‚
1658 2230 1685 2260 2
1709 2248 1722 2269 ‚
1740 2231 1758 2268 5

647 2284 972 2334 Matrimonia
999 2299 1060 2330 an
1088 2283 1223 2341 licita
1248 2282 1297 2334 in
1322 2278 1548 2344 gradibus
1581 2276 1763 2339 expres·

708 2350 769 2412 fis
800 2352 848 2396 in
875 2350 1106 2397 Levitico.
1329 2357 1331 2360 ’
1427 2361 1452 2390 z
1473 2378 1486 2398 ,
1525 2360 1546 2398 5
1572 2377 1586 2398 ,
1619 2358 1704 2397 13,
1741 2359 1761 2395 3

652 2416 977 2478 Matrimonia
1011 2414 1210 2469 fra-terum
1243 2411 1293 2456 ει
1320 2406 1535 2456 sororum
1563 2422 1660 2469 quo
1696 2409 1763 2465 ju-

718 2495 770 2526 re
796 2482 942 2526 verita
960 2483 1037 2534 ,ἃς
1063 2477 1190 2524 unde
1215 2475 1398 2521 illicita.
1439 2491 1465 2521 2
1483 2506 1495 2526 ,
1536 2490 1555 2526 5
1577 2507 1590 2528 ‚
1629 2486 1679 2525 13
1705 2507 1717 2526 ,
1744 2481 1768 2519 6

651 2545 1083 2595 matrimoniorum
1139 2537 1580 2587 contrahendorum
1631 2535 1768 2583 llber-

718 2622 794 2656 ωε
823 2608 989 2670 quibus
1015 2612 1066 2656 δε
1097 2619 1329 2669 quatenus
1359 2601 1597 2660 debeatur.
1637 2616 1662 2648 2
1680 2635 1693 2657 ,
1714 2619 1738 2648 2
1757 2638 1770 2658 ,

1521 2681 1575 2712 21
1601 2700 1613 2721 ‚
1653 2679 1673 2709 1
1695 2699 1707 2721 ,
1747 2683 1771 2713 2

656 2739 923 2787 Maxiliam
952 2734 1196 2782 obvertere
1221 2729 1430 2782 Hebraeis
1457 2730 1587 2797 quid.
1628 2744 1645 2776 1
1674 2763 1687 2785 ,
1727 2748 1773 2784 2,

653 2848 655 2850 .
720 2822 722 2824 ’
815 2818 820 2823 '
1330 2832 1332 2834 -
1667 2803 1688 2839 8
1710 2829 1724 2850 ,
1754 2805 1775 2841 8

653 2864 907 2916 Maximus
935 2875 1051 2908 natu
1077 2862 1127 2909 in
1155 2859 1313 2922 regnis
1337 2875 1364 2906 a
1393 2861 1575 2924 populo
1608 2859 1776 2906 delatis

637 2934 648 2938 ”
718 2929 961 2993 praefertur
986 2928 1106 2973 inter
1131 2939 1266 2986 pares
1295 2924 1417 2974 sexu.
1486 2942 1512 2973 2
1533 2960 1545 2980 2
1564 2941 1590 2979 7
1609 2958 1623 2981 ‚
1643 2932 1695 2973 18
1717 2959 1728 2979 ,
1751 2941 1768 2971 r

660 2993 844 3044 Medici
879 2990 1002 3039 falsa
1034 2989 1277 3038 interdum
1308 2990 1445 3056 loqui
1478 2989 1684 3052 possunt.
1728 3006 1770 3045 3,

1617 3069 1634 3101 ι
1663 3088 1678 3110 ,
1719 3068 1735 3098 r
1748 3072 1767 3108 5

658 3119 815 3173 Medii
841 3121 889 3167 in
919 3119 1053 3168 beno
1078 3118 1275 3181 quando
1304 3117 1426 3173 fiunt
1455 3115 1626 3166 hostes.
1670 3135 1714 3171 3,
1736 3133 1776 3171 1,

724 3204 768 3242 5.
793 3188 842 3235 δι
874 3204 894 3240 3
919 3219 932 3241 ,
956 3202 1010 3239 17
1031 3219 1046 3241 ,
1067 3203 1107 3237 3.
1136 3186 1195 3231 ad
1221 3186 1335 3241 quid
1363 3195 1628 3229 teneantur.
1677 3185 1773 3226 rbr'd.

661 3250 887 3302 Membra
913 3250 1192 3298 naturaliter
1217 3248 1406 3295 homini
1435 3245 1582 3292 suum.
1624 3262 1647 3290 z
1665 3279 1676 3297 ,
1700 3261 1774 3298 17,

721 3333 766 3365 z.
802 3317 851 3363 in
893 3315 1111 3362 membra
1153 3314 1230 3356 {ua
1271 3308 1457 3371 homini
1485 3311 1558 3366 jus
1586 3310 1773 3355 nullum

1878 1969 1897 2004 3
1922 1986 1934 2008 ,
1973 1967 2027 2007 r,
2066 1970 2111 2008 7.
2146 1965 2312 2001 „Annon
2353 1965 2394 2000 1.
2440 1951 2638 2012 quando
2671 1951 2823 1999 iiceat.
2860 1970 2878 2006 3
2902 1985 2915 2006 ,

1882 2032 1900 2062 1
1923 2052 1936 2073 ‚
1973 2033 2047 2069 13.
2085 2021 2134 2071 δι
2166 2036 2186 2072 3
2207 2053 2218 2073 ,
2245 2034 2261 2064 1
2283 2053 2298 2074 ‚
2330 2033 2402 2076 14.
2439 2031 2517 2062 cur
2546 2029 2643 2061 non
2669 2016 2917 2072 mentiatur

1874 2082 1955 2142 qui
1988 2081 2165 2145 falsum·
2191 2084 2303 2130 dicit
2322 2116 2337 2137 ,
2366 2079 2498 2142 quod
2522 2094 2687 2131 verum
2717 2077 2804 2127 esse
2837 2097 2917 2141 pu-

1873 2156 1956 2194 tat.
2683 2159 2702 2196 3
2725 2179 2738 2205 ,
2776 2159 2791 2190 1
2811 2179 2824 2200 ,
2865 2162 2918 2191 10

1818 2210 2053 2258 Mentitur
2077 2212 2157 2273 qui
2184 2212 2297 2259 dicit
2325 2206 2455 2274 quod
2484 2206 2657 2256 falsum
2687 2222 2813 2268 putat
2837 2210 2921 2264 ,li-

1876 2287 1949 2321 cet
1985 2291 2145 2324 verum
2177 2276 2248 2325 fit.
2588 2290 2640 2327 3,
2681 2287 2699 2318 1
2725 2306 2737 2326 ›
2777 2290 2862 2327 10,
2896 2287 2916 2319 1

1818 2340 2112 2389 Mercatores
2144 2337 2204 2390 in
2226 2340 2361 2389 bello
2398 2336 2457 2384 ab
2495 2336 2671 2393 iniuriis
2699 2336 2921 2383 vindicari

1877 2403 2064 2463 debent.
2112 2424 2166 2467 3,
2203 2422 2253 2452 ri
2275 2440 2290 2461 ‚
2313 2420 2383 2450 12.
2424 2399 2641 2448 laborum
2668 2404 2714 2449 ὅ(
2745 2415 2923 2459 expen-

1877 2467 2029 2518 sarum
2057 2471 2296 2518 rationem
2323 2466 2494 2515 habere
2519 2463 2706 2529 possunt
2734 2465 2782 2510 in
2807 2479 2923 2511 con-

1876 2533 2122 2581 stituendis
2150 2547 2304 2580 rerum
2341 2530 2515 2587 pretiis.
2655 2545 2713 2583 2,
2746 2545 2798 2575 12
2819 2563 2831 2583 ,
2871 2544 2925 2587 ¹4

1819 2603 2089 2645 Mercatura
2116 2600 2238 2662 apud
2259 2594 2534 2661 Hollandos
2563 2592 2744 2656 pridem
2769 2594 2922 2639 maxi-

1886 2678 1965 2709 me
2002 2664 2166 2725 viguit.
2270 2661 2272 2663 ’
2422 2658 2424 2660 ’
2644 2674 2704 2709 2>
2741 2670 2920 2709 11213

1826 2728 2121 2779 Mercenatii.
2672 2735 2724 2771 22
2763 2737 2792 2773 ,5
2816 2753 2830 2774 2
2870 2735 2929 2772 30

1822 2798 2006 2839 hiemes
2031 2802 2227 2851 excepta
2268 2801 2296 2830 a
2334 2779 2744 2845 pignorationibus
2774 2782 2925 2829 subdi-

1882 2869 2038 2904 torum
2080 2868 2163 2917 pro
2200 2849 2407 2896 civitate.
2452 2862 2471 2898 3
2494 2880 2508 2901 ‚
2543 2862 2570 2907 3-
2601 2880 2614 2901 ,
2647 2862 2691 2901 7.
2720 2848 2925 2894 exoticas

1878 2923 2000 2968 olim
2030 2919 2182 2977 Belgae
2212 2926 2311 2958 non
2335 2907 2572 2961 emebant.
2708 2926 2733 2956 z
2751 2944 2765 2966 ,
2788 2926 2811 2956 2
2830 2946 2842 2964 ,
2862 2927 2921 2963 20⁴

1821 2986 1880 3033 ad
1908 2980 2228 3041 Meretriciurn
2254 2975 2416 3023 civiles
2442 2977 2574 3036 leges
2601 2973 2848 3035 quomodo
2874 2977 2923 3024 fl<

1882 3061 2028 3109 quare
2059 3045 2239 3091 soleant
2266 3039 2531 3094 connivere,
2709 3047 2763 3092 3,
2803 3055 2824 3093 5
2844 3073 2856 3092 ,
2889 3057 2922 3102 4

1826 3112 2055 3161 Meritum
2074 3124 2130 3156 ex
2159 3105 2592 3155 liberavoluntate.
2643 3117 2668 3162 z
2687 3136 2701 3159 ,
2736 3118 2789 3149 21
2817 3136 2830 3158 ‚
2867 3117 2921 3149 η

1825 3176 2049 3225 Meritum
2076 3187 2222 3219 omne
2251 3167 2313 3215 est
2342 3169 2599 3230 perionale.
2622 3184 2647 3214 2
2665 3199 2679 3221 ,
2717 3182 2770 3213 21
2791 3201 2805 3220 ‚
2845 3182 2916 3213 xz.

1884 3236 2192 3287 universitatis
2221 3234 2376 3295 quale.
2677 3246 2732 3285 2,
2770 3247 2823 3277 21
2845 3265 2859 3286 ‚
2895 3239 2917 3276 8

1821 3305 1880 3351 ob
1901 3303 2129 3351 Meritum
2143 3315 2286 3364 poena
2301 3293 2474 3345 remitti
2489 3291 2641 3344 debet.
2683 3310 2709 3341 2
2727 3328 2740 3350 ,
2758 3312 2817 3341 20
2831 3330 2843 3350 ,
2863 3303 2920 3342 26

728 3378 813 3428 nifi
840 3379 1047 3439 corporis
1065 3375 1278 3423 servandi
1304 3371 1473 3435 gratia.
1544 3389 1570 3418 z
1593 3407 1605 3426 ‚
1625 3388 1701 3428 21,
1724 3387 1770 3417 11
1825 3375 1985 3418 Metus
2011 3383 2038 3415 a
2065 3368 2207 3414 tertio
2233 3365 2398 3411 illatus
2426 3374 2484 3406 an
2504 3357 2662 3413 astum
2689 3360 2836 3406 vitiet.
2874 3376 2919 3415 2,

663 3443 874 3517 Mernbri
904 3441 1214 3493 conservandi
1240 3437 1375 3485 causa
1411 3436 1683 3484 interfectio
1717 3437 1771 3482 li-

643 3525 647 3529 *
722 3523 833 3556 cita.

666 3572 979 3622 Mendacium
1042 3567 1349 3632 prohibitum.
1393 3584 1414 3622 3
1433 3600 1446 3622 ,
1468 3580 1486 3616 1
1507 3599 1521 3622 ‚
1540 3584 1542 3586 ’
1558 3581 1586 3618 9
1605 3599 1619 3621 ‚
1655 3580 1698 3612 1.
1725 3568 1769 3612 ἃ

2683 3438 2917 3478 IJ,7,3

1558 3517 1614 3556 2,
1657 3516 1676 3547 1
1702 3537 1717 3558 ‚
1753 3509 1777 3545 6
1825 3500 1983 3543 Metus
2022 3492 2214 3542 alterius
2243 3504 2305 3538 an
2341 3489 2485 3538 tonat
2521 3490 2592 3547 jus
2619 3485 2814 3535 tranfire
2839 3503 2925 3534 vo-

1889 3559 2049 3610 lentis.
2594 3564 2654 3607 Ζ»
2692 3569 2857 3610 2513,
2893 3570 2923 3611 4

1555 3639 1580 3687 ς
1623 3645 1679 3676 10
1697 3664 1710 3684 ,
1755 3645 1773 3681 3
1826 3628 1984 3673 Metus
2012 3638 2036 3670 a
2064 3622 2221 3672 vicino
2243 3634 2303 3667 an
2326 3616 2442 3678 justa
2461 3616 2577 3665 belli
2606 3614 2754 3665 causa.
2773 3634 2799 3665 2
2816 3651 2829 3673 ,
2848 3633 2924 3672 22,
2959 3665 2964 3680 s

665 3698 979 3757 Mendacium
993 3702 1072 3763 qui
1098 3698 1311 3753 autkores
1337 3694 1475 3742 certis
1500 3693 1679 3741 casibus
1695 3695 1775 3740 ad-

727 3779 942 3814 mittant.

669 3831 986 3883 ,Mendacium
1027 3829 1176 3877 dicere
1213 3831 1263 3875 &
1296 3826 1489 3874 mentiri
1516 3822 1639 3886 apud
1662 3826 1773 3873 Gel—

2433 3702 2486 3739 5,
2529 3684 2924 3737 1.&2,1,17

1282 3779 1301 3816 3
1325 3796 1339 3818 ‚
1379 3776 1398 3807 r
1423 3796 1437 3818 ‚
1469 3778 1522 3815 9,
1560 3775 1585 3807 2
1607 3793 1621 3814 ,
1661 3776 1680 3813 3
1702 3793 1717 3815 ,
1747 3778 1779 3816 4
1829 3759 1989 3801 Metus
2014 3750 2137 3800 solus
2166 3766 2264 3800 non
2277 3749 2439 3800 sufficit
2455 3748 2514 3796 ad
2544 3750 2612 3805 jus
2640 3745 2927 3793 interficien-

1886 3819 1935 3867 di
1958 3819 2178 3865 alterum.
2530 3827 2585 3868 2,
2628 3826 2679 3867 1,
2715 3827 2768 3866 5,
2806 3826 2861 3864 1,
2899 3826 2925 3857 z

735 3896 857 3944 lium
873 3894 1126 3957 quomodo
1142 3891 1496 3956 distinguantur.
1525 3907 1568 3944 3,
1591 3905 1608 3935 1
1629 3923 1643 3945 ‚
1666 3905 1741 3945 ro,
1759 3903 1778 3934 1
1829 3889 1987 3931 Metus
2002 3879 2220 3941 exceptio
2243 3884 2346 3930 non
2368 3876 2533 3927 liberat
2559 3893 2586 3924 a
2610 3875 2837 3936 religione
2857 3871 2930 3929 ju*

644 3966 647 3968 ’
674 3961 985 4010 Mendacium
1015 3974 1042 4004 a
1068 3964 1177 4004 Deo
1208 3956 1431 4006 alienum.
1534 3972 1579 4010 3,
1596 3968 1640 4010 1,
1660 3969 1738 4009 ις,
1755 3968 1773 3998 1

1888 3944 2154 4006 risjurandi.
2590 3958 2609 3995 3
2633 3974 2647 3995 2
2690 3954 2775 3991 19,
2804 3955 2864 3995 4,
2904 3952 2925 3990 5

667 4025 980 4075 Mendacium
1005 4021 1158 4071 stricte
1181 4020 1357 4066 dierum
1381 4018 1511 4080 quid.
1534 4036 1577 4075 3,
1599 4034 1644 4073 1,
1662 4032 1739 4074 11,
1759 4032 1776 4064 ι
1830 4020 1992 4064 Metus
2018 4014 2100 4077 qui
2120 4025 2204 4077 pto
2227 4010 2348 4076 justo
2374 4005 2600 4075 habeatur
2615 4006 2664 4053 in
2691 4001 2821 4048 bello
2846 4014 2930 4065 pu·

666 4091 979 4150 Mendacium
1005 4104 1069 4139 an
1097 4086 1430 4138 committatur
1458 4082 1665 4148 respestu
1691 4095 1782 4152 ter·
1890 4078 2039 4145 blicoq

2636 4080 2834 4133 ·3,'r9,
2876 4079 2930 4111 12

2778 4134 2933 4192 Metus
