3182 5113
273 519 336 595 ς.
380 525 539 596 xvr.
580 501 757 576 x‘v11.
1134 500 1211 576 C·
1250 502 1313 575 A
1360 502 1422 576 P
1469 501 1548 576 U
1598 503 1674 577 T
1765 506 1823 578 Ι.
2186 532 2283 607 25⁹

277 641 381 701 tim
406 656 466 700 ut
491 658 681 708 earum
711 637 1117 716 promissionum
1142 642 1310 703 essent
1334 645 1779 721 participesquae
1805 664 1917 706 non
1939 654 2269 713 communes

196 738 199 741 ⁴
271 717 520 776 humano
556 719 770 794 generi,
814 717 903 775 sed
938 720 1169 780 Hebraeo
1196 725 1403 797 populo
1431 733 1584 780 erant
1606 727 2269 803 peculiareszquanquam

272 809 388 853 non
420 812 620 869 negem
649 795 994 870 posteriobus
1020 796 1218 861 saeculis
1258 800 1519 857 acceffiffe
1552 801 1713 856 etiam
1751 802 1804 859 in
1835 806 2123 862 nonnullis
2150 824 2271 880 pra.

267 889 406 929 -vam
445 875 768 946 opinionem
810 912 824 937 ,
868 872 1010 945 quasi
1051 889 1198 933 extra
1237 875 1560 952 Judaismum
1603 874 1738 932 salus
1776 896 1890 936 non
1930 882 2078 939 esset.

353 964 401 1017 7.
439 949 588 1003 Hinc
611 948 916 1021 colligimus
932 988 950 1016 ‚
979 952 1126 1009 nulla
1157 966 1310 1027 parte
1337 950 1472 1024 legis
1491 950 1777 1037 'Hebraeffi
1797 972 1902 1026 qua
1930 960 2017 1016 lex
2045 959 2123 1016 est
2139 968 2280 1035 pro-‘

270 1025 392 1096 prie
413 1063 429 1092 ,
453 1040 555 1079 nos
586 1024 844 1097 obligari,
869 1027 994 1104 quia
1025 1030 1290 1101 obligatio
1319 1040 1470 1084 extr-a
1483 1044 1567 1096 Jus
1594 1041 1794 1086 naturae
1813 1034 2041 1092 venitex
2067 1038 2282 1093 volum·

273 1095 381 1156 tate
415 1101 591 1170 legem
629 1099 868 1156 ferentis.
901 1102 1093 1158 Deum
1133 1114 1316 1159 autem
1344 1103 1574 1160 vOluiffe
1601 1117 1664 1162 ut
1694 1106 1786 1162 alii
1815 1124 1983 1178 quam
2017 1111 2267 1170 Israelita

269 1175 368 1231 ista
392 1174 517 1247 lege
546 1187 883 1242 tenerentur,
927 1176 1083 1231 nullo
1111 1177 1318 1234 indicio
1350 1179 1525 1253 potest
1552 1181 1905 1254 deprehendi.
1928 1187 2061 1243 Non
2092 1189 2278 1260 igitur,

270 1268 373 1309 nos
403 1248 552 1322 quod
583 1255 804 1313 attinet,
850 1249 1136 1319 probanda
1174 1254 1250 1310 est
1277 1255 1385 1311 ulla
1413 1257 1546 1330 legis
1578 1259 1885 1333 abrogatio:
1914 1278 2043 1317 nam
2065 1281 2171 1320 nec
2188 1266 2278 1320 ab-

267 1326 443 1401 rogari
476 1326 659 1396 potuit
684 1339 884 1385 eorum
911 1324 1188 1398 respestti,
1230 1346 1368 1402 quos
1401 1350 1682 1408 nunquam
1715 1335 2022 1395 obstrinxit.
2065 1338 2172 1396 Sed
2208 1342 2277 1397 ab

265 1401 520 1467 Israelitis
563 1399 741 1463 ablata
774 1399 850 1454 est
882 1402 1182 1474 obligatio,
1224 1407 1407 1479 quoad
1448 1426 1499 1465 35
1544 1412 1761 1469 ritualia
1796 1413 2056 1485 quidem,
2095 1415 2277 1474 statim

268 1476 557 1552 postquam
602 1475 692 1531 lex
740 1476 1030 1551 Euangelii
1072 1484 1239 1554 coepit
1279 1486 1644 1559 promulgari3
1687 1488 1840 1560 quod
1883 1490 2284 1563 Apostolorum

267 1550 500 1625 principi
537 1550 675 1607 clare
710 1551 815 1607 fuit
844 1554 1182 1624 revelatum,
1224 1557 1341 1615 Acsl.
1388 1571 1456 1628 x,
1507 1578 1588 1630 15.
1635 1565 1821 1637 quoad
1867 1579 2070 1623 caetera
2104 1586 2281 1637 vero,

267 1626 556 1701 postquam
589 1628 826 1701 populus
858 1630 981 1699 ille,
1008 1648 1104 1703 per
1132 1633 1405 1691 excidium
1434 1640 1572 1695 urbis
1606 1639 1658 1695 ἅ
1692 1642 2113 1713 desolationem,
2133 1662 2278 1717 prae-

269 1702 375 1760 cisa
405 1700 517 1776 (dd)
551 1707 700 1758 omni
723 1702 813 1776 spe
837 1706 1222 1777 restitutionis,
1261 1712 1499 1785 populus
1532 1716 1635 1772 esse
1676 1716 1847 1774 desiit.

344 1776 397 1835 8.
432 1779 555 1835 Nos
603 1797 737 1834 vero
781 1779 1097 1854 alienigenae
1145 1803 1257 1843 non
1287 1786 1344 1842 id
1373 1790 1570 1845 Christi
1599 1790 1837 1850 adventu
1871 1793 2159 1851 consecuti.
2186 1794 2268 1854 su·

272 1872 393 1919 mus
413 1899 428 1927 ‚
462 1867 525 1909 ut
551 1855 729 1911 Molis
765 1853 887 1928 lege
922 1874 1039 1913 non
1069 1871 1408 1930 teneremur,
1451 1863 1537 1921 sed
1564 1878 1625 1923 ut
1656 1870 1753 1942 qui
1781 1882 1940 1925 antea
1966 1870 2113 1942 spem
2148 1884 2269 1929 tan·-

262 1942 383 1995 -tum
412 1928 532 1987 satis
564 1929 842 1987 obscuram
877 1932 932 1988 in
963 1933 1074 1989 Dei
1118 1937 1363 1996 bonitate
1407 1940 1634 2013 pofitam
1675 1944 1876 2001 habere
1914 1961 2266 2016 poteramuS,

268 2023 417 2063 nunc
445 2005 642 2063 diserto
668 2003 880 2061 foedere
909 2008 1225 2077 fulciamur,
1245 2027 1418 2087 utque
1449 2017 1506 2073 in
1536 2036 1702 2074 unam
1736 2020 2028 2078 Ecclesiam
2059 2024 2267 2082 coales-

269 2100 394 2139 cere
427 2079 680 2154 poffimus
706 2098 828 2136 cum
853 2081 1098 2143 Hebraeis
1127 2088 1251 2148 filiis
1282 2091 1706 2151 Patriarcharum
1726 2139 1740 2160 ,
1780 2094 1988 2152 sublata
2023 2097 2270 2172 ipsorum

275 2159 436 2231 lege,
477 2173 590 2229 quo
629 2155 781 2214 velut
817 2157 1259 2231 intersepimento
1310 2164 1340 2218 a
1391 2169 1555 2223 nobis
1606 2169 2011 2229 distinebantur.
2072 2174 2315 2248 Ephess·

272 2249 372 2298 Π,
436 2249 524 2300 14.

340 2308 558 2365 XVII.
605 2328 650 2367 1.
697 2308 837 2365 Cum
874 2328 1005 2383 ergo
1051 2312 1313 2370 direcftam
1342 2315 1738 2389 obligationem
1771 2318 1862 2375 lex
1901 2337 2003 2394 per
2050 2322 2275 2384 Mosem

269 2383 393 2440 data
422 2384 479 2437 in
511 2400 613 2439 nos
651 2382 907 2439 inducere
934 2404 1047 2440 non
1085 2388 1281 2454 poffit,
1319 2401 1383 2442 ut
1411 2393 1521 2455 jam
1571 2393 1943 2464 ostendimus,
1981 2399 2285 2458 videamus·

268 2473 500 2530 ecquem
529 2458 699 2512 alium
722 2456 871 2511 usum
909 2459 1106 2513 habere
1137 2458 1325 2527 poffit,
1346 2472 1467 2517 tum
1497 2464 1555 2518 in
1586 2467 1687 2522 hac
1720 2469 1788 2524 de
1818 2470 1935 2537 jure
1962 2473 2128 2540 belli,
2148 2488 2273 2533 tum

268 2536 327 2592 in
354 2531 611 2591 similibus
643 2533 756 2596 aliis
786 2531 1194 2604 quaestionibus.
1235 2533 1298 2592 Id
1324 2541 1476 2595 enim
1509 2538 1636 2598 scire
1667 2543 1734 2600 ad
1764 2543 1937 2602 multa
1968 2550 2156 2608 refert.

342 2626 392 2665 2.
434 2608 679 2666 Primum
717 2626 845 2680 ergo
883 2609 1123 2666 ostendit
1151 2610 1240 2667 lex
1282 2612 1550 2683 Hebraea,
1594 2618 1652 2674 id
1687 2618 1841 2691 quod
1886 2639 1949 2677 ea
1975 2623 2095 2699 lege
2134 2644 2270 2699 prae-
2336 2666 2366 2724 Ι

268 2686 467 2758 cipitur
502 2701 616 2752 non
649 2683 758 2754 effe
785 2697 978 2740 contra
1009 2687 1093 2754 jus
1122 2701 1338 2747 naturae.
1367 2692 1515 2748 Nam
1530 2710 1653 2758 cum
1678 2695 1765 2765 J‘us
1790 2709 1992 2757 naturae
2015 2742 2030 2764 ,
2050 2713 2110 2759 ut
2147 2719 2273 2761 ante
2369 2706 2385 2722 ⁶

273 2762 505 2817 dixi-mus
525 2804 537 2826 ,
554 2759 617 2816 sit
640 2772 968 2833 perpetuum
995 2773 1159 2834 atque
1191 2764 1525 2824 immutabile
1545 2810 1558 2832 ,
1581 2783 1695 2827 non
1727 2775 1912 2845 potuit
1943 2775 1972 2831 ὲ
1992 2778 2120 2835 Deo
2138 2821 2153 2843 ,
2181 2782 2280 2852 qui

270 2837 495 2905 injustus
522 2853 801 2907 nunquam
836 2836 943 2903 est,
984 2839 1282 2911 quicquam
1315 2839 1565 2901 adversus
1596 2846 1653 2902 id
1680 2849 1766 2914 jus
1799 2854 2038 2924 praecipi.
2088 2854 2279 2913 *Adde

270 2912 422 2985 quod
453 2913 545 2967 lex
575 2911 751 2975 Mofis
779 2925 1007 2975 vocatur
1036 2915 1375 2972 immaculata
1403 2916 1454 2973 ἃ
1483 2921 1623 2975 resta
1641 2961 1657 2984 ,
1675 2922 1861 2979 Psalm.
1896 2944 2014 2984 xxx.
2044 2931 2139 3003 qui
2162 2934 2277 2989 La-

241 2992 243 2995 ’
271 2991 399 3048 tinis
415 3005 597 3060 xvm,
622 2995 669 3048 8.
687 2984 1027 3058 &Apostolo
1045 2991 1219 3048 Paulo
1236 2989 1580 3062 sanctajusta,
1597 2993 1760 3054 bona.
1781 3001 2084 3072 Rom2vr1,
2110 3023 2196 3063 12.

346 3064 436 3121 De
463 3061 746 3134 praeceptis
777 3064 992 3136 loquor.
1034 3082 1161 3123 nam
1189 3067 1256 3124 de
1282 3070 1537 3141 permiffis
1571 3069 1864 3142 distinfflus
1883 3078 2152 3148 agendum
2170 3083 2268 3139 est.

270 3139 541 3213 permissio
569 3141 716 3210 enim
749 3139 872 3210 quaa¹
900 3141 1022 3213 lege
1053 3142 1113 3198 fit
1147 3147 1304 3207 (nam
1337 3155 1392 3198 36
1428 3164 1544 3219 quae
1586 3146 1718 3203 nudi
1762 3148 1840 3205 est
1877 3150 2034 3221 facti,
2078 3153 2132 3222 δε
2166 3157 2272 3214 im-

272 3215 581 3287 pedimenti
611 3218 977 3272 remotionem
1009 3218 1299 3291 fignificat,
1318 3223 1427 3279 huc
1445 3240 1556 3278 non
1574 3224 1850 3297 pertinet)
1876 3239 1971 3282 aut
1989 3230 2150 3300 plena
2166 3233 2268 3301 est,

272 3306 393 3360 quae
416 3288 501 3357 jus
536 3289 626 3344 dat
649 3289 716 3344 ad
747 3291 951 3362 aliquid
982 3297 1210 3351 omnino
1234 3297 1382 3354 licite
1413 3298 1716 3371 agendum;
1754 3312 1849 3357 aut
1875 3304 2053 3362 minor
2081 3308 2269 3380 plena,

276 3381 406 3436 quae
429 3373 638 3420 tantum
668 3364 1051 3435 impunitatem
1084 3370 1176 3427 dat
1209 3374 1353 3447 apud
1385 3375 1638 3432 homines
1671 3373 1723 3432 ἃ
1751 3376 1837 3446 jus
1871 3394 1943 3436 ne
1969 3383 2093 3454 quis
2130 3385 2271 3445 alius

2173 3478 2276 3521 1111-v

425 3585 428 3587 ,
502 3543 547 3587 G
577 3552 615 3591 R
647 3550 681 3589 Ο
712 3552 753 3592 N
787 3552 821 3589 ο
853 3556 888 3594 v
921 3558 943 3606 ι
975 3560 1012 3597 1.
1356 3555 1469 3619 (dd)
1501 3563 1576 3606 Ita
1589 3559 1859 3624 edidimuS,
1919 3582 2039 3615 uum
2062 3573 2273 3622 anteain

391 3637 393 3639 ι
770 3669 779 3679 ,
1293 3620 1519 3669 omnibus
1544 3624 1858 3675 Editionib‘us
1918 3634 2073 3693 uerit,
2095 3631 2272 3691 defila.

339 3686 360 3732 3
373 3686 392 3725 ς
412 3667 832 3732 Ritualia]cap1ta
857 3669 926 3730 de·
942 3676 1245 3727 caerimoniis.
1283 3687 1441 3730 tionem
1449 3689 1670 3745 prensam
1671 3689 1767 3747 fine
1765 3694 1845 3757 spe
1865 3694 2164 3750 restitutionis.
2181 3700 2272 3746 Ni-

340 3742 397 3786 36
431 3733 538 3791 Quae
574 3729 678 3777 nudi
706 3734 857 3791 faffi]
888 3740 1016 3785 Nam
1064 3742 1112 3787 &c
1140 3758 1241 3806 per·
1290 3746 1374 3793 hili
1393 3748 1457 3796 est
1472 3749 1593 3798 illud
1604 3755 2094 3815 praecij'an1‚jun6t11m
2107 3761 2176 3818 τῷ»
2195 3758 2271 3809 de-

275 3794 434 3857 miffio
451 3797 645 3841 extrale
679 3809 757 3841 em
769 3796 1244 3870 est,permissumque
1271 3810 1550 3867 solationem„
1607 3816 1743 3864 Unde
1770 3831 1935 3866 autem
1962 3835 2097 3869 error
2122 3835 2269 3886 typo-

273 3858 504 3927 habetur,
526 3870 626 3920 quo
690 3874 926 3932 nusquam
947 3867 1245 3915 vetitum.ea
1279 3872 1556 3932 thetarum,
1587 3876 1647 3925 ab
1689 3883 1902 3929 Austore
1934 3884 2086 3948 ipsc,
2119 3887 2268 3937 rebus

274 3939 379 3974 non
412 3922 522 3977 juris
556 3918 654 3991 est,
689 3918 768 3970 sed
793 3926 931 3980 laeli,
968 3928 1014 3974 ὃς
1050 3941 1243 3980 tantum
1283 3934 1447 3999 potius
1485 3938 1635 4004 quam
1679 3943 1838 3993 verbis
1882 3947 2108 4009 intento,
2153 3968 2259 4000 non

272 3983 502 4053 fignificat
522 3981 645 4031 mlul
672 3982 858 4060 obstare
883 4001 963 4036 aut
993 3993 1245 4059 impedire,
1279 4001 1630 4053 animadversus
1647 4042 1664 4069 ‚
1693 4010 1958 4058 manaverit
1975 4030 1988 4071 ς
2007 4015 2170 4079 quivis
2191 4016 2261 4063 fa-

276 4065 381 4115 φο
410 4059 570 4099 minus
592 4043 737 4097 facias
759 4081 775 4112 ,
795 4053 828 4103 11
849 4051 1028 4113 lubeat,
1284 4062 1376 4114 elle
1408 4068 1652 4121 conjicere
1677 4070 1852 4136 potest.
1884 4070 1939 4133 J.
1976 4078 2037 4128 B.

1406 4133 1442 4181 B
1479 4148 1501 4189 5
2128 4115 2277 4194 ιῗιίὶκεθ
