3182 5113
1110 526 1155 596 Ι,

350 661 409 698 eit
453 644 600 704 dieto,
648 626 744 694 ibid.
775 638 814 690 ia
841 637 914 689 cui
946 644 1077 685 metu
1118 627 1397 696 promissum

1230 518 1751 590 NDEX.

1510 630 1749 676 liberetur.
2318 628 2339 670 3
2362 648 2377 671 2
2413 627 2504 675 23,
2542 626 2567 666 Β

350 705 457 770 ἱ«είί,
514 723 563 758 ut
608 707 802 758 liberare
845 703 1207 768 promittentem
1242 707 1391 741 tenea·
1452 697 1789 756 Prophetarum
1829 681 1959 735 di&a
1986 680 2047 731 de
2083 692 2199 744 pace
2235 674 2315 726 sub
2352 685 2574 746 Euange-

360 789 466 833 tur,
505 790 651 834 opus,
704 769 796 835 ipse
840 780 975 819 metu
1010 761 1182 824 injusto
1221 760 1400 806 caulam

1512 758 1580 804 lio
1611 772 1756 820 quem
1789 750 1968 801 sentum
1997 745 2227 795 habeant.
2268 760 2287 789 1
2309 779 2321 801 ‚
2358 761 2412 800 2,
2453 754 2509 803 3‘,
2541 762 2570 798 1

356 837 588 904 Pmmiffo
613 836 806 888 aedem,
847 851 905 891 3,
935 848 1018 887 19,
1057 849 1098 888 4.
1139 841 1235 873 non
1273 822 1378 872 mili
1422 823 1706 886 ¹1’1oportio
1775 815 2089 870 Arithmetica
2150 814 2201 862 ὅ(
2262 812 2573 862 Geometrica

355 904 494 951 tandi
524 892 736 952 adv'e‘rlus
763 913 942 948 certam
966 905 1240 965 partemfrn
1277 886 1400 936 obli·
1422 919 1432 1005 ἰ

353 980 448 1031 get.
490 985 511 1020 3
534 1003 548 1023 ‚
577 984 632 1022 23
654 1001 667 1023 ‚
698 976 741 1014 8».
778 961 976 1012 minoris
1004 961 1126 1009 valet
1155 967 1401 1014 jure.gen-

354 1032 475 1079 tium
510 1030 545 1080 fi
580 1032 738 1081 aetum
775 1027 1030 1089 intelligat.
1072 1038 1091 1076 3
1114 1053 1128 1075 ,
1159 1034 1214 1074 23
1238 1052 1252 1074 ,
1284 1032 1325 1070 3.
1352 1027 1404 1061 ut
1427 1028 1431 1069 ι
1451 1013 2026 1076 I‘rop'ortio'Harmonica
2057 1007 2231 1057 Bodini
2266 1006 2416 1056 nulla.

353 1094 415 1143 fit
446 1096 576 1144 irrita
609 1110 708 1144 non
743 1093 808 1142 est
839 1108 896 1139 ex
930 1093 1024 1155 jure
1069 1083 1298 1132 naturali:
1344 1097 1370 1128 2
1391 1114 1405 1136 ,

351 1173 398 1207 ¹1
416 1192 431 1215 ‚
465 1177 510 1216 ς.
543 1161 602 1209 ad
631 1173 795 1224 pacem
821 1156 885 1205 est
911 1147 1200 1202 favorabilis.
1238 1164 1264 1194 2
1283 1180 1298 1202 ‚
1317 1154 1368 1190 16
1393 1177 1408 1201 ,

356 1236 436 1271 10.
490 1222 683 1285 privati'
716 1238 777 1270 an
812 1223 963 1271 valeat
994 1250 1008 1272 ,
1060 1212 1094 1261 fi
1136 1212 1193 1259 fit
1238 1220 1406 1257 contra

1514 900 1572 933 an
1639 884 1823 947 proprie
1871 881 2165 943 distinguant
2217 874 2443 933 justitiam
2491 892 2578 924 ex-

1510 948 1756 1012 pletrice'm
1784 952 1833 998 δι
1867 944 2224 993 attriburricem.
2277 956 2295 987 1
2316 974 2332 996 ,
2367 956 2420 997 1,
2451 951 2474 988 8
2495 976 2511 999 ,
2546 960 2576 992 2

2515 1022 2579 1065 2»

1428 1080 1432 1100 ³
2377 1088 2469 1128 202
2505 1088 2566 1128 33

1425 1108 1713 1204 {Proposrtss
1761 1140 1996 1202 impetus,
2054 1141 2105 1188 &
2146 1135 2275 1186 casus
2314 1135 2579 1187 distinguo.

1636 1214 1641 1219 ’
2231 1219 2250 1256 3
2279 1236 2293 1258 2
2328 1218 2374 1247 ¹1
2397 1236 2412 1258 a
2447 1221 2509 1261 4³
2543 1210 2577 1249 6

356 1287 613 1337 utilitatem
651 1286 901 1352 publicam.
948 1283 1041 1329 vida
1092 1275 1281 1325 Publica
1313 1273 1401 1320 uti·
1464 1268 1652 1332 Propria
1689 1267 1806 1316 fiunt
1845 1268 2158 1329 occupatione
2194 1282 2295 1330 quae
2331 1268 2381 1313 in
2420 1269 2580 1329 prima

353 1351 477 1400 litas,
510 1366 588 1400 aut
617 1365 784 1400 contra
807 1347 1030 1400 officium.
1070 1360 1090 1397 3
1112 1350 1198 1399 ‚123
1219 1374 1234 1397 ‚
1267 1347 1308 1386 6.
1338 1352 1403 1382 re-

361 1418 431 1478 gis
456 1450 470 1471 2
536 1417 666 1466 fasta
698 1416 803 1463 aliis
830 1450 844 1472 ,
903 1421 1134 1472 quatenus
1177 1403 1407 1463 populum

348 1474 550 1543 obligetss
590 1500 608 1536 3
631 1514 644 1536 ,
687 1477 777 1535 κο,
808 1488 851 1528 6.
887 1474 984 1524 fine
1006 1467 1147 1538 'causa
1183 1465 1328 1537 fasta·
1346 1480 1405 1512 an

359 1556 467 1591 eum
494 1545 692 1609 obliget.
726 1548 828 1594 thid.
860 1540 919 1585 de
944 1528 1175 1594 aliquibus
1215 1530 1273 1575 ad
1316 1545 1404 1575 im-

360 1610 558 1669 ‘perandi
608 1608 807 1656 modum
867 1593 1202 1658 pertinentibus
1231 1627 1244 1648 ‚
1306 1609 1407 1640 non

360 1670 510 1725 facit,
546 1687 644 1734 quo
670 1673 826 1715 minus
850 1664 1084 1709 lummum
1116 1656 1287 1704 habeat
1313 1659 1401 1705 im·

356 1736 553 1796 Perium.
588 1748 606 1778 1
630 1765 643 1787 ,
664 1745 683 1784 3
705 1763 718 1786 ,
749 1744 823 1780 17.
856 1725 984 1798 fasta
1013 1720 1300 1770 lubditorum
1324 1721 1409 1785 ipsi

355 1795 559 1860 obligat.
595 1811 654 1854 ι,
683 1810 766 1851 14,
796 1801 839 1843 6.
875 1802 1037 1839 tacita.
1075 1802 1096 1841 3
1118 1802 1170 1843 ,1
1193 1820 1208 1841 ,
1230 1795 1300 1838 18.
1328 1802 1404 1833 eo—

364 1875 500 1917 rum,
559 1864 640 1922 qui
689 1858 742 1904 in
774 1854 1019 1911 civitatem
1058 1847 1261 1902 coivere.
1307 1857 1406 1899 1⁹70-
1466 1849 1741 1901 Proselvtus.

365 1924 557 1987 iegdmen.
597 1940 688 1986 par.
734 1937 808 1977 15.
856 1918 1116 1966 venditoris
1162 1931 1261 1963 non
1309 1918 1406 1964 adi·
1462 1912 1863 1983 Πςοςαίγμῳτα..

1525 1332 1756 1391 divifione
1782 1332 1927 1379 divila
1960 1347 2057 1379 non
2087 1333 2207 1380 lunt.
2360 1348 2386 1379 2
2409 1364 2424 1387 ,
2455 1348 2512 1386 2,
2549 1349 2573 1385 3

1460 1400 1722 1460 Proprietas
1759 1412 1858 1443 non
1895 1396 2150 1456 acquiritur
2193 1398 2296 1460 solo
2324 1397 2434 1443 aista
2475 1397 2583 1443 ani-

1517 1466 1601 1512 mi.
1642 1479 1696 1517 2,
1727 1477 1786 1518 2,
1807 1477 1850 1509 2.
1886 1460 2030 1508 cess'at
2059 1461 2107 1505 in
2137 1462 2305 1508 ultima
2332 1459 2585 1508 necessita-

1520 1540 1584 1577 te.
1615 1545 1641 1574 2
1661 1562 1673 1582 ,
1699 1543 1753 1579 2,
1785 1535 1828 1573 6.
1865 1528 1963 1580 eius
1990 1525 2091 1571 vice
2128 1538 2266 1572 antea
2308 1527 2586 1573 communis

1515 1593 1618 1640 usus
1645 1592 1915 1640 universalis
1939 1589 2051 1646 iuris
2082 1588 2186 1638 fuit.
2360 1608 2385 1637 2
2404 1625 2418 1647 ‚
2455 1605 2482 1634 2
2500 1625 2514 1647 ‚
2551 1608 2583 1638 z

1459 1658 1761 1718 Proprietatis
1787 1655 2052 1702 exordium.
2182 1670 2242 1709 2,
2276 1666 2336 1709 2,
2370 1670 2390 1700 1
2410 1689 2425 1711 ,
2456 1667 2516 1712 2,
2552 1673 2580 1713 ς

1466 1720 1708 1783 Proprium
1736 1718 1889 1770 servus
1921 1734 1984 1766 an
2009 1715 2183 1791 habere
2207 1716 2370 1781 poffir.
2526 1737 2547 1774 3
2571 1756 2589 1778 ,

1844 1791 1849 1794 ’
2427 1798 2486 1842 14
2503 1819 2517 1840 ,
2553 1793 2585 1832 6

2362 1861 2382 1892 1
2402 1880 2417 1903 ,
2445 1863 2465 1894 1
2483 1884 2498 1906 ‚
2528 1859 2587 1899 16

2273 1924 2333 1971 ²32
2363 1927 2448 1969 15>
2484 1931 2586 1972 7‚1

370 1991 460 2038 mit
502 1987 546 2034 ei
597 1999 796 2037 omnem
841 1983 1120 2034 facultatem
1174 1983 1412 2030 moralem
1469 1984 1778 2028 lroiectroms
1817 1975 1890 2036 ius
1928 1992 2028 2025 non
2070 1975 2223 2024 aufert
2279 1988 2360 2021 aut
2413 1977 2591 2028 minuit

374 2053 424 2100 in
451 2066 567 2102 rem.
1130 2058 1189 2100 2,
1229 2061 1319 2101 12,
1359 2062 1408 2103 ¹5

307 2114 556 2178 Rromisfio
587 2128 764 2164 novum
793 2114 861 2173 jus
889 2110 1088 2162 confert.
1144 2118 1149 2123 ‘
1173 2125 1194 2163 3
1216 2144 1232 2165 ‚
1263 2120 1314 2156 18
1335 2143 1351 2165 ,
1390 2127 1406 2156 1

1528 2046 1767 2092 summum
1808 2044 2062 2106 imperium
2110 2041 2151 2089 ei
2177 2074 2192 2095 ‚
2255 2037 2308 2084 in
2359 2054 2457 2103 quo
2500 2043 2591 2095 est.

2342 2119 2396 2161 1,
2436 2122 2456 2158 3
2478 2142 2493 2163 2
2529 2124 2585 2156 21

306 2178 556 2232 Promiffio
585 2180 644 2227 de
684 2190 786 2226 non
820 2176 1049 2241 fugiendo
1083 2188 1110 2220 a
1143 2174 1306 2222 vincto
1344 2175 1408 2222 fa·
1469 2172 1745 2220 Protestatio
1773 2172 1831 2220 de
1874 2173 1973 2231 jure
2000 2170 2148 2226 facit,
2176 2184 2237 2216 ne
2274 2183 2347 2216 res
2387 2170 2452 2218 ob
2483 2188 2593 2221 me-

322 2245 328 2265 ³
378 2245 454 2292 &a
482 2246 624 2293 valet.
1166 2253 1186 2291 3
1210 2273 1224 2295 ,
1262 2255 1315 2293 23
1338 2273 1353 2296 ,
1391 2248 1412 2286 8

309 2306 559 2356 Promiffio
613 2309 672 2354 de
714 2321 815 2354 non
863 2300 1101 2352 redeundo
1147 2301 1196 2348 in
1236 2316 1416 2351 certum

1525 2251 1629 2284 tum
1671 2253 1772 2286 non
1820 2236 2123 2298 recuperandi
2170 2228 2412 2282 censeatur
2454 2236 2593 2286 dere-

1534 2302 1660 2347 lttsta.
2368 2315 2524 2358 2,4,
2559 2311 2591 2350 6

323 2373 330 2393 ⁷
369 2372 533 2419 locum
560 2404 574 2426 ‚
633 2375 683 2421 &
716 2371 776 2419 de
809 2384 909 2418 non
940 2365 1197 2417 militando
1228 2402 1242 2424 ,
1297 2368 1420 2415 hosti
1469 2364 1681 2432 1326&qu
1705 2366 1848 2414 maris
1877 2380 2080 2428 quorum
2110 2362 2217 2416 fint.
2268 2380 2324 2419 ι,
2355 2379 2412 2421 3,
2444 2380 2530 2422 10,
2564 2382 2589 2414 1

370 2433 498 2484 fasta
526 2435 673 2485 valet.
1166 2448 1185 2485 3
1212 2468 1224 2487 .
1260 2448 1317 2485 23
1338 2466 1353 2488 2
1392 2449 1416 2488 7

314 2496 639 2547 Promiffionis
674 2498 875 2548 materIa
910 2495 1063 2562 qualis
1104 2494 1199 2544 effe
1233 2494 1417 2546 debeat.

1476 2452 1518 2477 ,1
1562 2431 1772 2478 videntia
1821 2429 1981 2477 divina
2037 2428 2300 2477 remedium
2369 2428 2594 2478 adversus

1534 2509 1689 2543 metus
1710 2506 1932 2542 incertos.
2352 2509 2379 2539 2
2400 2528 2414 2549 ,
2441 2509 2461 2537 1
2482 2529 2496 2549 ‚
2531 2510 2592 2553 17

1132 2578 1159 2609 2
1177 2595 1193 2617 ,
1217 2576 1267 2608 11
1291 2597 1304 2618 ‚
1322 2571 1344 2609 8
1362 2597 1376 2619 ,
1398 2580 1415 2609 1
1473 2561 1725 2608 Provinciae
1779 2566 2013 2609 Romanae
2059 2575 2161 2606 non
2204 2558 2308 2617 sunt
2356 2559 2596 2611 civitates.

312 2625 637 2676 Fromiffionis
664 2628 752 2691 vis„
1003 2643 1061 2682 2,
1097 2640 1148 2672 11
1170 2660 1186 2682 ,
1217 2640 1269 2681 1,
1305 2644 1324 2681 3
1348 2661 1361 2682 ,
1394 2648 1423 2687 4

317 2690 621 2741 Promiffioni
663 2707 785 2741 onus
837 2692 977 2754 adjici
1028 2693 1224 2752 quando
1264 2690 1420 2751 poffit.

1537 2641 1555 2672 1
1580 2659 1596 2681 ,
1637 2642 1655 2679 3
1675 2661 1686 2673 .
1738 2641 1781 2680 7.
1821 2626 1982 2685 populi
2015 2625 2064 2671 in
2095 2622 2346 2685 provineiae
2376 2621 2595 2674 formam

1530 2689 1708 2736 redacti
1738 2690 1879 2751 quale
1914 2692 1984 2743 ius
2015 2687 2283 2735 habuerim
2369 2702 2431 2743 2,
2467 2704 2527 2745 9,
2565 2697 2598 2738 6

1150 2773 1207 2810 2,
1244 2769 1323 2805 11.
1367 2772 1420 2809 19
1472 2752 1641 2801 Provifi
1677 2756 1726 2802 ὃς
1758 2751 1999 2814 improvifi
2033 2751 2287 2799 distinaio.
2406 2767 2427 2806 3
2451 2786 2466 2808 ,
2502 2769 2593 2812 11,

2465 2835 2526 2877 42
2564 2835 2591 2875 5

316 2816 647 2870 Promiffiones
681 2818 868 2867 causam
906 2816 1167 2879 expressam
1197 2833 1299 2865 non
1332 2818 1411 2866 ha·

328 2883 336 2906 ἶ·
362 2881 540 2929 'bentes
565 2884 839 2937 naturaliter
877 2885 1056 2934 valent.

319 2946 428 3007 juris
476 2961 534 2994 ex
592 2944 822 2995 Promisso
866 2962 1058 3010 capaces
1107 2948 1210 2995 sunt
1255 2961 1423 2996 omncs

330 3026 335 3031 ·
378 3009 460 3072 qui
485 3009 544 3056 ad
573 3011 770 3058 rationis
802 3010 934 3060 usum
967 3026 1229 3069 pervenere.
1269 3028 1287 3065 3
1309 3046 1326 3067 ,
1349 3028 1423 3069 19,

376 3089 420 3123 2.
489 3075 588 3133 iure
643 3077 860 3139 gentium
909 3077 1058 3123 etiarn
1112 3077 1322 3123 infantes
1372 3081 1419 3126 ὅ(

380 3150 608 3187 amentes.
1159 3160 1219 3199 4,
1253 3156 1338 3197 rr,
1374 3158 1429 3201 14

318 3199 602 3253 Promissum
647 3200 712 3249 ob
745 3202 932 3253 causam
978 3214 1166 3269 turpem
1207 3219 1266 3252 an
1314 3221 1421 3267 prae—

338 3282 342 3289 ’
392 3264 625 3318 standum.
998 3279 1263 3325 2,11‚8,
1304 3284 1428 3327 1‚9

322 3328 535 3378 Promiffi
575 3344 695 3377 onus
737 3329 788 3379 in
829 3332 1144 3381 commodum
1179 3334 1303 3382 tertii
1346 3338 1423 3381 ad—

340 3407 345 3414 *
385 3394 627 3452 inustum,
652 3393 765 3453 quid
799 3409 1029 3456 operetur.
1162 3413 1220 3454 a,
1260 3412 1344 3456 11,
1376 3415 1430 3453 19

323 3454 553 3507 Promissa
582 3460 734 3503 multa
752 3492 767 3513 ‚
800 3472 903 3519 quae
930 3470 1099 3508 natura
1124 3465 1318 3518 valent,
1351 3463 1428 3511 lex

339 3520 348 3550 ³
391 3523 542 3570 civilis
578 3521 702 3569 irrita
730 3523 867 3574 facit.
1097 3542 1154 3585 2,
1193 3544 1241 3575 11
1267 3559 1281 3581 ,
1310 3536 1332 3573 8
1354 3562 1367 3583 ,
1406 3546 1424 3583 3

324 3585 581 3642 Promissa,
630 3601 731 3648 quae
767 3588 871 3647 plus
906 3600 1082 3636 nocent
1130 3591 1430 3652 promittenti

373 3652 533 3713 ³quam
558 3651 690 3698 alteri
722 3652 908 3711 prosunt
926 3688 940 3711 ‚
975 3669 1035 3701 an
1058 3654 1331 3719 praestanda.
1376 3674 1400 3705 2
1420 3687 1450 3714 ,ι

642 3730 727 3771 11,
765 3730 815 3771 1,
854 3732 894 3767 1.
930 3721 978 3767 &
1020 3734 1122 3780 cap.
1161 3730 1239 3776 16,
1275 3735 1371 3777 27,
1408 3739 1430 3769 2

323 3776 554 3825 Promissa
590 3779 909 3840 favorabilia,
942 3783 1136 3841 odiosa,
1165 3788 1318 3833 mixta
1358 3789 1429 3833 vel

344 3844 349 3852 ’
384 3841 559 3892 media.
1158 3865 1214 3907 2,
1252 3859 1337 3907 16,
1375 3868 1430 3899 1ο

323 3903 552 3954 Promissa
579 3913 786 3972 Regum,
816 3915 912 3959 vide
938 3916 1112 3977 Reges,

324 3971 639 4035 {romine-ndi
672 3974 846 4024 modus
879 3978 997 4040 quis,
1157 3995 1295 4034 2511
1318 4016 1330 4036 ‚
1371 3997 1420 4027 ¹¹

328 4034 614 4084 Promittens
638 4052 768 4088 metu
793 4056 854 4089 an
879 4055 1107 4092 teneatur.
1192 4060 1218 4091 2
1235 4079 1248 4100 ‚
1286 4061 1334 4093 11
1354 4082 1368 4103 ,
1400 4063 1422 4099 7

325 4099 604 4155 il’romittere
637 4106 847 4165 captivus
893 4122 953 4156 an
1028 4107 1136 4157 oflit
1165 4143 1179 4165 ‚
1241 4108 1286 4157 se
1328 4126 1426 4158 non

383 4175 701 4236 pugnaturum
730 4184 902 4232 contra
922 4172 986 4224 ho
1031 4188 1109 4227 em
1132 4174 1324 4241 patria,
1380 4189 1428 4225 ut

1162 2898 1219 2939 2,
1254 2898 1335 2940 11,
1369 2899 1418 2931 21
1475 2883 1757 2931 Provocatio
1798 2897 1899 2929 non
1939 2881 2076 2929 datur
2129 2879 2187 2928 ab
2223 2878 2406 2929 arbitris
2451 2882 2593 2932 lestis

1531 2949 1652 2996 inter
1683 2949 1886 2996 summas
1915 2947 2187 3008 potestates.
2222 2961 2240 2998 3
2264 2979 2277 2999 ‚
2314 2962 2406 3004 20,
2440 2957 2533 3006 46,
2566 2963 2597 2995 2

1482 3015 1752 3061 novocatio
1779 3008 1935 3059 differt
1973 3011 2030 3057 ab
2060 3009 2405 3071 appellatione.
2456 3029 2482 3059 2
2502 3048 2516 3068 ‚
2540 3031 2597 3071 4,

1541 3092 1617 3130 13.
1667 3093 1743 3139 per
1801 3077 2216 3140 supplicationem.
2263 3077 2363 3124 ibid.
2422 3089 2474 3122 ut
2535 3075 2595 3124 ab

1538 3142 1702 3205 aliquo
1749 3144 1882 3189 nulla
1929 3140 2116 3188 ratione
2154 3137 2293 3199 possit
2344 3141 2599 3201 provocari

1535 3220 1645 3255 cum
1672 3205 1867 3267 persona
1889 3204 2057 3251 subditi
2083 3217 2328 3265 repugnat.
2489 3207 2595 3256 ibid.

1482 3274 1722 3318 Proximus
1754 3271 1858 3333 quis
1898 3269 1947 3316 in
1979 3271 2085 3331 lege
2133 3270 2355 3318 Hebraea:
2396 3271 2447 3317 δε
2490 3270 2599 3331 quis

1538 3336 1587 3382 in
1615 3338 1722 3398 lege
1757 3335 2049 3397 euangelica.
2261 3349 2279 3380 1
2302 3369 2316 3389 ,
2350 3349 2406 3388 2,
2445 3341 2467 3378 8
2488 3367 2505 3390 ,
2537 3351 2596 3381 ro

1486 3399 1727 3449 Proximus
1755 3400 1859 3463 quis
1888 3416 1939 3447 iu
1969 3397 2168 3447 materia
2197 3395 2465 3446 favorabili.
2533 3415 2594 3456 2,

2433 3477 2458 3517 7
2481 3495 2493 3518 2
2532 3479 2594 3514 30

1482 3529 1691 3577 Proximi
1747 3528 1947 3579 nomine
1991 3528 2119 3577 venit
2172 3526 2316 3575 ctiam
2373 3525 2455 3585 qui
2512 3541 2592 3587 per

1542 3593 2005 3656 tepraelentationem
2044 3592 2340 3654 consequitur
2376 3593 2444 3648 jus
2483 3605 2592 3650 gra-

1541 3660 1626 3707 dus
1655 3658 1911 3720 superioris.
2246 3671 2305 3714 2,
2342 3670 2367 3709 7
2386 3688 2400 3709 ,
2433 3671 2525 3708 30,
2561 3672 2591 3703 2

1487 3723 1730 3768 trudentia
1757 3723 1902 3770 virtus
1928 3721 2217 3785 imperantis.
2359 3735 2413 3773 2,
2444 3726 2504 3765 26
2521 3751 2536 3774 2
2559 3738 2594 3779 4

1481 3785 1737 3853 Ψιῦδὶῶη
1764 3789 1814 3836 in
1843 3786 1983 3836 sacris
2023 3786 2171 3835 litetis
2210 3781 2336 3846 quid.
2401 3796 2461 3837 2,
2497 3798 2549 3835 13
2574 3818 2593 3841 ‚

1477 3914 1767 3981 Ψὼάδρκοῖυ.
2213 3926 2269 3966 2,
2305 3925 2359 3965 13
2383 3943 2396 3964 ,
2437 3863 2595 3967 ῐζῖἒ

1480 3988 1666 4031 P'uulica
1710 3980 1887 4031 utilitas
1914 3980 1975 4030 ad
2003 3976 2283 4031 alienanda,
2363 3979 2460 4031 διο,
2495 3982 2595 4026 vide

1533 4048 1728 4095 Utilitas
1756 4046 1957 4110 publica.

1477 4112 1715 4161 Publicum
1760 4112 1891 4173 quid.
1932 4126 1985 4167 1,
2044 4125 2063 4163 3
2087 4141 2101 4164 ,
2145 4122 2189 4162 ς.
2226 4102 2420 4152 sumitur
2448 4104 2601 4155 intet-

1537 4176 1653 4231 dum
1680 4189 1767 4241 pro
1792 4189 1852 4230 eo
1879 4173 2009 4241 quod
2045 4171 2110 4225 est
2134 4184 2411 4225 commune.
2446 4188 2507 4233 2,
2533 4187 2559 4218 2
2579 4207 2597 4230 ,

1766 4249 1774 4257 '
2521 4249 2603 4295 12,
