3182 5113
264 471 797 556 §.mxxxxxzrp
888 465 954 536 C
1005 468 1072 537 A
1121 464 1181 536 P
1232 463 1310 537 U
1360 466 1435 539 T
1534 466 1744 541 VHI.
2146 477 2292 577 361'

267 602 473 666 minus;
518 604 789 661 Proculus
821 604 937 670 eius
965 648 978 671 ‚
1022 604 1115 678 qui
1148 603 1389 677 speciem
1429 604 1682 679 feciffet,
1729 606 1854 680 quia
1884 625 1985 683 perr
2014 629 2145 670 eum
2170 613 2282 670 esse

267 678 511 750 coepiffet
541 679 698 755 quod
736 692 867 737 ante
908 698 1023 738 non
1064 682 1323 737 existeret
1360 700 1372 737 :
1419 693 1639 756 arrepta
1697 683 1919 742 tandem
1971 689 2049 745 est
2093 690 2281 747 media

265 754 567 825 sententia,
612 769 676 812 ut
716 773 770 815 73
815 757 854 814 fi
888 758 1093 815 reverti
1132 756 1199 813 ad
1237 759 1484 832 priorem
1526 760 1769 834 speciem
1805 766 2037 821 materia
2065 767 2273 840 poffet,

264 831 503 888 materiae
545 830 804 891 dominus
834 852 953 891 rem
985 835 1249 899 haberet3
1295 834 1333 890 fi
1363 852 1480 890 non
1514 836 1699 909 poffet
1724 879 1740 902 ,
1784 850 1902 895 tum
1954 842 1999 897 is
2035 843 2277 901 haberet

264 907 359 978 qui
402 906 607 981 speciei
657 909 792 966 effet
836 912 1042 967 auctor.
1123 909 1293 989 Quod
1333 909 1510 986 ipsum
1559 927 1620 970 74
1657 916 1942 988 improbat
1975 935 2009 965 a
2044 920 2272 978 Conna-

263 979 404 1052 nu3‚'
437 981 634 1040 &hoc
667 1003 840 1043 unum
878 986 1052 1044 videri
1092 989 1242 1057 vult,
1284 988 1490 1060 plusne
1514 988 1581 1045 fit
1608 992 1778 1063 pretii
1811 993 1867 1048 in
1907 1012 2082 1068 opere
2108 1014 2179 1053 an
2201 998 2262 1053 in
2300 1015 2335 1047 a
2365 1004 2421 1054 L.
2457 1020 2571 1068 1114

262 1061 488 1115 materia
509 1103 524 1127 ‚
568 1070 630 1117 ut
659 1061 813 1134 qued
847 1063 1019 1136 plun‘s
1052 1063 1128 1120 est
1157 1064 1213 1119 id
1246 1064 1608 1137 praevalentia
1648 1067 1739 1123 sua
1776 1070 1934 1141 quod
1975 1073 2156 1129 minus
2187 1073 2320 1129 estc·
2357 1077 2404 1118 6·
2553 1076 2558 1082 ‘

264 1134 330 1189 ad
365 1134 417 1190 se
460 1138 642 1192 trahat
663 1182 676 1205 ,
721 1150 1054 1211 argumento
1087 1156 1285 1196 eorum
1319 1159 1443 1214 quae
1486 1158 1516 1196 a
1555 1144 1834 1201 Romanis
1861 1164 2094 1222 quoque
2115 1150 2278 1220 juris·

264 1211 525 1268 consultis
561 1226 615 1265 75
645 1213 714 1268 de
748 1216 1061 1272 acceffione
1102 1215 1476 1272 traditaesunt.

264 1323 266 1326 -
337 1303 385 1342 2.
432 1288 513 1344 At
542 1288 582 1344 fi
616 1292 927 1346 naturalem
964 1293 1265 1348 veritatem
1314 1292 1640 1366 refpicimus
1681 1339 1697 1366 ,
1763 1297 1901 1355 ficut
1941 1308 2004 1358 76
2037 1302 2284 1360 confusis

261 1364 498 1419 materiis
541 1366 1000 1421 communionem
1028 1366 1219 1421 induci
1252 1385 1357 1437 pro
1392 1380 1511 1423 rata
1565 1370 1683 1437 ejus
1725 1374 1883 1443 quod
1917 1377 2159 1449 quisque
2185 1381 2285 1436 ha-

262 1440 391 1494 beat
419 1483 433 1506 ‚
477 1437 751 1493 Romanis
785 1456 1015 1509 quoque
1053 1440 1461 1504 jurisconsultis
1501 1444 1717 1512 placuit
1756 1489 1771 1512 ‚
1815 1451 1944 1518 quia
1976 1469 2065 1508 res
2116 1454 2290 1513 alium

261 1510 476 1569 exitum
507 1512 840 1565 ¹naturaliter
870 1512 1116 1581 reperire
1151 1515 1271 1564 non
1307 1523 1535 1582 poterat
1568 1532 1583 1574 ς
1628 1517 1706 1569 ita
1739 1536 1866 1575 cum
1898 1540 1986 1578 res
2024 1528 2286 1587 constent

260 1587 492 1643 materia
527 1584 581 1638 ὅτ,
609 1584 791 1655 specie
831 1597 1098 1655 tanquam
1133 1583 1238 1639 suis
1273 1588 1524 1657 partibus
1548 1632 1562 1655 ‚
1604 1588 1645 1643 fi
1677 1591 1902 1650 alterius
1936 1597 2004 1652 fit
2029 1605 2281 1672 materia,

263 1662 487 1715 alterius
523 1659 733 1732 species
755 1704 768 1725 ‚
812 1659 1056 1732 sequitur
1088 1660 1416 1718 naturaliter
1453 1680 1573 1719 rem
1623 1683 1986 1727 communem
2016 1675 2138 1732 fieri
2173 1696 2283 1750 pro

262 1747 383 1792 rata
415 1735 529 1803 ejus
564 1737 763 1808 quanti
793 1734 1243 1809 unumquodque
1284 1736 1378 1793 est.
1461 1738 1693 1811 Species
1726 1744 1876 1801 enim
1905 1765 2030 1819 pars
2066 1752 2145 1808 est
2161 1754 2287 1811 sub-

261 1812 506 1876 stantiae,
551 1828 670 1867 non
721 1810 1017 1868 substantia
1071 1824 1243 1868 tota:
1307 1812 1461 1884 quod
1516 1816 1792 1889 Ulpianus
1842 1823 2035 1895 vidit,
2092 1827 2116 1874 b
2153 1847 2283 1888 cum

263 1888 406 1945 dixit
446 1900 656 1943 mutata
688 1887 867 1944 forma
898 1901 953 1943 77
994 1904 1175 1959 prope
1222 1888 1579 1946 interemtam
1618 1892 1995 1956 substantiam.
2325 1915 2349 1962 b
2374 1922 2429 1968 L.
2456 1942 2508 1978 9,

336 1965 459 2020 XX.
504 1965 587 2018 Ut
618 1975 807 2019 autem
853 1962 947 2034 qui
983 1965 1124 2018 mala
1163 1962 1273 2018 fide
1318 1968 1603 2021 materiam
1643 1969 1882 2029 alienam
1923 1981 2223 2038 attrectant
2255 1977 2524 2048 Julianus.

262 2058 283 2092 c
328 2039 567 2111 speciem
606 2039 875 2110 perdant,
907 2036 1001 2091 'est
1044 2037 1273 2109 quidem
1305 2055 1424 2094 non
1472 2043 1668 2113 inique
1715 2049 2082 2125 constitutum
2118 2099 2133 2122 ,
2180 2039 2321 2112 sedo·
2354 2061 2394 2118 ,3-
2421 2051 2571 2112 fi’dfi

264 2115 517 2187 poenale,
564 2116 737 2184 atque
773 2112 905 2167 ideo
945 2128 1063 2168 non
1101 2114 1373 2170 naturale.
1418 2128 1475 2174 78
1505 2119 1723 2174 Natura
1760 2124 1908 2194 enim
1934 2128 2128 2198 poenas
2154 2148 2271 2187 non
2286 2111 2565 2216 qap-baad

264 2188 633 2250 determinat,
676 2202 734 2247 79
767 2204 873 2245 nec
913 2189 988 2243 ob
1023 2186 1285 2269 delictum
1324 2207 1425 2262 per
1451 2190 1505 2246 se
1538 2192 1788 2251 dominia
1837 2201 2052 2271 aufert,
2097 2222 2268 2277 quan-
2284 2183 2339 2277 ‘J
2352 2189 2395 2281 [ἱ
2418 2207 2488 2284 ἠ
2508 2237 2541 2287 d

265 2282 427 2337 quam
457 2261 781 2319 naturaliter
813 2280 980 2336 poena
1018 2264 1202 2335 aliqua
1226 2265 1385 2336 digni>
1415 2266 1569 2334 funt,
1611 2272 1705 2342 qui
1731 2271 2089 2348 delinquunt.
2282 2309 2326 2339 eo
2352 2256 2570 2348 ex‘hibssh}

333 2341 482 2396 XXI.
526 2342 606 2394 Ut
634 2356 772 2395 vero
806 2341 887 2394 rei
921 2340 1115 2407 majori
1164 2342 1482 2412 acquiratur
1513 2362 1600 2399 res
1641 2349 1827 2404 minor
1861 2396 1875 2418 ‚
1920 2372 2035 2425 quo
2076 2355 2356 2414 funda-do·
2390 2359 2435 2419 ὁ·
2457 2365 2567 2427 3.fi

263 2429 459 2472 mento
495 2416 801 2470 Connauus
828 2415 1057 2481 nititur,
1099 2417 1349 2472 naturale
1387 2418 1465 2473 est
1502 2420 1628 2477 faeti
1654 2466 1668 2490 ‚
1713 2441 1832 2480 non
1866 2430 2019 2495 J'ur'iS.
2100 2445 2271 2507 atque
2286 2425 2564 2497 wizam!

265 2490 396 2546 ideo
432 2493 530 2564 qui
565 2491 724 2545 fundi
765 2509 867 2565 pro
921 2491 1183 2547 vicesima
1231 2504 1387 2566 parte
1435 2495 1513 2550 est
1557 2496 1824 2569 dominus
1856 2546 1869 2571 ‚
1937 2515 2048 2563 tam
2084 2484 2433 2569 manetthfb.

267 2568 526 2623 dominus
564 2584 732 2638 quam
763 2569 859 2640 qui
898 2578 1083 2640 partes
1116 2568 1292 2624 habet
1333 2573 1734 2630 novendecim.
1780 2579 1967 2656 Quare
2008 2586 2166 2656 quod
2208 2587 2289 2643 de·

268 2656 325 2691 so
350 2643 660 2698 accessione
695 2646 770 2698 ob
807 2642 1221 2715 praevalentiam
1259 2656 1355 2700 aut
1395 2650 1560 2704 certis
1595 2651 1653 2704 in
1689 2652 1903 2709 cafibus
1937 2656 2032 2714 lex
2072 2661 2285 2718 Roma-

264 2735 335 2774 na
369 2717 688 2785 constituit,
731 2732 825 2774 aut
875 2720 929 2773 in
977 2720 1093 2775 aliis
1140 2720 1306 2776 etiam
1355 2723 1621 2780 constitui
1668 2729 1893 2798 potest,
1940 2732 1995 2788 id
2028 2738 2286 2794 naturale

264 2811 383 2855 non
418 2793 530 2862 est,
576 2792 667 2853 sed
697 2795 862 2851 civile
889 2839 903 2862 ,
960 2794 1028 2850 ad
1063 2796 1417 2854 commodius
1467 2801 1841 2874 transigenda-
1874 2811 2146 2881 negotia3
2192 2832 2287 2878 na-

263 2883 387 2925 tura
423 2883 611 2925 tamen
645 2887 784 2926 noir
804 2885 1192 2944 repugnante,
1237 2874 1364 2945 quia
1404 2874 1496 2932 lex
1525 2877 1695 2933 dandi
1731 2880 2067 2952 dominii'jus
2085 2887 2282 2946 habet.

260 2945 374 3001 Vix
420 2948 609 3002 autem
666 2948 776 3002 ulla
832 2948 909 3003 est
967 2950 1218 3004 tractatio
1269 2950 1400 3017 juris
1464 2952 1518 3007 in
1582 2971 1692 3025 qua
1756 2967 1846 3026 tot
1899 2958 2283 3034 discrepantes

260 3022 375 3097 (ji)
421 3023 525 3080 sint
552 3022 1074 3100 jiuisconsultorum
1107 3024 1393 3083 sententiae
1427 3026 1480 3084 ὃς
1527 3027 1767 3087 εΗοι-εεζ
1808 3035 1960 3090 Nam
1987 3038 2112 3108 quis
2140 3057 2276 3111 con-

298 3096 301 3100 ’
2110 3115 2276 3184 cedat

487 3260 532 3302 G
568 3267 601 3302 R
640 3269 674 3310 Q
707 3270 745 3304 N
781 3270 816 3305 o
851 3272 883 3307 v
924 3276 942 3307 1
986 3277 1026 3307 1.
1361 3278 1418 3321 77
1456 3264 1625 3325 Prope]
1693 3267 1809 3310 Non
1837 3267 2063 3314 omnino.

319 3331 373 3372 73
416 3317 464 3363 Si
491 3324 682 3374 reverti]
719 3320 766 3368 Si
794 3313 1027 3369 dissoluto
1053 3336 1223 3386 opere,
1355 3339 1412 3382 78
1450 3329 1639 3372 Natura
1661 3339 1808 3388 poenas
1850 3346 1931 3374 non
1972 3329 2266 3398 determinat]

261 3381 394 3443 quod
435 3379 615 3426 fastum
653 3382 718 3428 est
743 3416 757 3441 ,
802 3384 986 3431 constet
1023 3387 1217 3449 pristina
1293 3389 1383 3434 Sed
1413 3405 1522 3435 mos
1545 3403 1629 3436 aut
1658 3395 1731 3436 lex
1762 3389 2009 3440 humana.'

259 3441 509 3491 iubllantia
535 3442 766 3505 partibus.
1287 3456 1299 3470 ·
1362 3467 1419 3508 79
1455 3456 1547 3498 Nec:
1575 3453 1622 3497 ob
1649 3451 1880 3515 delic‘hm]
1916 3471 1978 3509 2,
2019 3474 2060 3504 1.
2089 3475 2137 3512 9.

319 3523 375 3561 74
408 3506 619 3566 Improbat
646 3507 902 3566 comanus]
939 3511 1059 3557 Vide
1084 3514 1223 3558 Wnn.
1353 3526 1410 3561 80
1442 3512 1679 3569 Accaezffi'one
1706 3517 1753 3560 ob
1777 3520 2149 3580 praevalentiam]
2208 3531 2269 3577 In

259 3568 316 3616 ad
349 3568 388 3628 gi.
418 3584 491 3621 25-
526 3568 675 3615 Instit.
711 3571 770 3615 de
802 3576 858 3616 R.
887 3577 948 3617 D.
1004 3581 1010 3585 ⁴
1165 3580 1169 3585 '
1290 3576 1468 3638 quibus
1498 3593 1604 3623 mea
1628 3591 1729 3637 τες,
1748 3582 1863 3642 quia
1893 3584 2044 3647 longe
2069 3587 2273 3651 psallat,

323 3649 374 3690 75
416 3634 486 3677 De
514 3629 766 3689 acceffione]
832 3634 875 3692 ὑ.
915 3644 989 3680 26.
1037 3638 1084 3683 si
1111 3638 1222 3698 quis
1292 3640 1501 3687 alienam
1526 3640 1691 3688 trahit.
1724 3644 1756 3690 l.
1777 3657 1856 3697 23.
1891 3642 1993 3705 ΦΑ..
2034 3648 2086 3697 de
2114 3652 2185 3702 R.
2212 3658 2279 3705 VJ,

258 3699 475 3743 alienam*
505 3710 760 3759 purpuram
806 3695 1095 3745 vestimento
1136 3699 1223 3745 suo

260 3761 543 3820 intexuerit,
592 3773 673 3806 aut
703 3759 949 3807 emblema
989 3761 1225 3811 addiderit
1355 3762 1446 3825 (ii)
1474 3768 1582 3813 Nec
1607 3769 1820 3820 mitum:
1872 3788 2033 3839 quum
2076 3778 2128 3827 in
2163 3792 2281 3830 toto

261 3822 454 3887 poculo.
631 3832 636 3837 ·
1039 3879 1042 3881 ,
1294 3826 1383 3873 isto
1424 3829 1524 3887 jure
1562 3832 1862 3886 Acceffionis
1898 3841 2097 3889 Veteres
2137 3847 2282 3893 nuno

264 3897 270 3910 ¹
322 3896 377 3943 76
412 3885 599 3947 Confusts
625 3889 850 3945 materiis]
888 3886 932 3946 §-
965 3905 1037 3948 27.
1072 3891 1134 3939 Si.
1177 3890 1228 3937 ui

258 3950 364 3996 vina
403 3947 481 3996 sua
519 3949 826 3998 confuderint
860 3987 876 4011 ‚
925 3967 1006 3999 aut
1054 3904 1227 4007 magas

258 4015 360 4061 auri
400 4014 477 4062 vel
505 4014 1050 4080 argenti'confiavetint2
1096 4019 1100 4032 ⁷
1169 4029 1172 4033 ’

264 4086 311 4109 Ἃ,
408 4086 410 4088 .
579 4101 583 4105 J
769 4081 774 4089 ψ

1293 3892 1536 3955 principio
1564 3908 1698 3949 certo
1731 3898 1779 3944 δε
1806 3898 1965 3950 solido
1992 3907 2281 3957 niterentur.

1293 3959 1416 4005 Vera
1444 3989 1461 4015 ‚
1523 3957 1571 4003 ὃ(
1609 3972 1668 4006 ex
1705 3958 1807 4023 ipsa
1845 3970 2053 4017 naturali
2086 3973 2279 4020 ratione

1298 4021 1486 4104 petita,
1513 4018 1666 4140 popm
1694 4025 1917 4085 videmur
1945 4028 2282 4148 Ρρῑιὼὶξῶἒὶς
