3182 5113
1173 447 1805 554 INDEX.

419 586 657 651 prohibita
682 588 791 651 lege
816 582 1110 649 euangelica.
1208 647 1220 657 ν
1246 598 1274 629 2
1291 618 1305 639 ‚
1326 600 1348 638 5
1369 595 1453 656 ’.¹¹

353 656 607 718 Pompeius
631 652 810 702 bellum
841 654 1098 717 piratarum
1137 646 1242 695 finit
1274 647 1452 710 pactio-

354 720 607 845 Porsstffihs
636 781 871 843 templum
902 774 1343 844 Hierosolymorum
1380 778 1454 823 in-

418 847 589 910 gressus
616 859 782 893 contra
815 846 990 906 legem.

356 913 576 960 Pontifex
635 916 886 968 Romanus
942 916 1142 953 coronat
1192 908 1456 965 Imperato-

1571 582 1800 634 cessitate.
1824 599 1850 632 z
1871 616 1885 641 ‚
1912 590 1964 643 6,
2000 599 2043 642 ς.
2072 596 2135 634 ne
2159 580 2358 647 quidem
2383 595 2445 635 ex
2472 590 2609 639 oecel
2624 591 2649 636 1

1712 685 1729 700 .
2429 670 2455 700 2
2520 665 2546 702 6
2605 665 2633 704 6

1203 727 1223 764 3
1253 746 1267 767 ,
1307 727 1389 768 19,
1428 727 1454 758 2
1514 647 1963 776 rossffiieconsensus
1990 713 2115 762 circa
2152 712 2410 764 alienanda
2433 690 2635 782 irnpeiia

1571 780 1829 840 quomodo
1860 778 2176 842 intelligatur.
2415 799 2472 840 2,
2509 793 2569 843 6,
2606 795 2632 832 8

1151 856 1205 894 3,
1241 857 1261 894 ς
1287 874 1302 895 ,
1337 855 1391 896 2,
1428 855 1454 893 7
1515 844 1681 905 Populi
1727 844 2056 893 testimonium
2098 844 2157 892 de
2201 844 2302 905 jure
2336 842 2637 898 succeffionis

1571 908 1686 968 quid
1711 911 1886 961 valeat.
2295 927 2351 966 2³
2390 927 2448 969 7,
2482 930 2571 970 27,
2606 932 2636 964 2

416 991 542 1036 tem,
578 989 669 1038 qua
695 980 944 1024 Romanus
970 969 1034 1024 est
1060 976 1335 1028 lmperatot.
1402 983 1460 1022 2,
1520 971 1685 1033 Populi
1711 975 1869 1021 minor
1897 989 2002 1037 pars
2026 975 2260 1038 populum
2296 989 2399 1023 non
2429 976 2644 1043 obligat.

1217 1047 1275 1085 9,
1316 1044 1401 1085 11,
1438 1052 1467 1091 4

356 1102 575 1156 Pontifex
606 1109 854 1157 Romanus
892 1094 1217 1160 pronunciavit
1267 1093 1461 1142 elestio-

420 1181 531 1214 nem
557 1169 737 1216 fabiam
765 1182 792 1214 a
819 1166 998 1229 populo
1030 1166 1276 1208 Romano·
1314 1174 1339 1205 2
1358 1191 1370 1213 ‚
1406 1173 1465 1214 92

1219 1238 1269 1270 11
1295 1257 1310 1279 ‚
1349 1239 1372 1268 2
1391 1255 1404 1275 ‚
1437 1243 1469 1281 4

362 1292 583 1341 PontiFex
625 1299 874 1341 Romanus
912 1299 1113 1337 vacante
1139 1285 1339 1358 imperio
1368 1284 1466 1331 feu-

429 1356 602 1419 dorum
645 1357 934 1422 investituras
990 1366 1089 1424 <1th
1134 1353 1231 1410 ime
1283 1346 1469 1460 Πὼῒῗὲ·

1369 1432 1383 1457 l
1410 1436 1421 1458 l
1458 1450 1469 1461 ι

366 1482 559 1528 Pontius
585 1482 787 1535 Samnis,
1120 1537 1131 1548 ·
1232 1490 1257 1520 2
1275 1508 1287 1530 2
1324 1490 1343 1522 ¹
1364 1510 1378 1534 >
1403 1488 1467 1549 *18

366 1533 567 1604 Populus
594 1545 742 1606 potest
779 1549 847 1599 jus
870 1544 914 1590 se
941 1537 1132 1601 regendi
1162 1552 1319 1587 totum
1352 1544 1468 1614 alte-

418 1597 549 1656 nare.
585 1624 604 1661 1
624 1642 637 1662 ,
658 1626 675 1660 3
698 1642 711 1660 ,
736 1618 758 1651 8
778 1640 790 1658 ‚
810 1619 848 1653 3.
885 1618 1049 1651 eorum
1072 1605 1292 1664 exempla
1317 1617 1397 1666 qut
1424 1606 1468 1654 se

427 1673 530 1717 aliis
557 1664 863 1721 subjecerunt,
1363 1673 1462 1720 thid.

362 1734 564 1793 Populus
610 1732 728 1776 liber
779 1719 910 1776 fauo
960 1730 1324 1793 Magistratuum
1370 1733 1468 1783 sine

426 1794 657 1843 mandato
685 1809 783 1839 non
810 1793 1064 1854 obligatur.
1133 1812 1188 1851 2,
1228 1814 1281 1852 5,
1319 1806 1398 1854 16,
1443 1816 1461 1846 1

363 1861 566 1917 Populus
613 1863 864 1904 Romanus
903 1859 972 1913 jus
1012 1866 1350 1921 Imperatorem
1382 1864 1465 1910 eli-

429 1914 572 1986 gendi
597 1921 773 1982 {emper
800 1921 1006 1983 retinuit.
1224 1942 1248 1972 2
1268 1959 1280 1981 ‚
1314 1942 1369 1980 9,
1411 1943 1460 1974 11

369 1989 569 2049 Populus
593 1990 844 2042 Romanus
872 1986 998 2038 idem
1027 1986 1108 2047 qui
1132 1987 1265 2038 olim.
1314 2006 1342 2036 2
1360 2024 1372 2045 ‚
1408 2010 1436 2044 9
1456 2026 1470 2045 ‚

1324 2068 1374 2100 11
1396 2088 1409 2109 ,
1444 2071 1462 2102 1

366 2115 569 2170 Populus
600 2113 826 2176 regimine
862 2127 1048 2162 mutato
1085 2126 1269 2162 tenetur
1302 2115 1361 2163 de
1387 2118 1465 2166 de-

428 2177 528 2222 bito
559 2189 670 2223 ante
696 2180 958 2236 eomraQo,
1161 2196 1216 2234 2,
1253 2196 1278 2232 9
1298 2214 1311 2235 ,
1351 2192 1372 2228 8
1394 2217 1405 2238 ,
1446 2198 1463 2229 1

368 2243 570 2302 Populus
610 2239 729 2289 liber
769 2242 920 2290 faocus
960 2240 1083 2288 sedet
1111 2259 1169 2291 eo
1198 2246 1311 2291 loco
1330 2278 1344 2300 ,
1373 2260 1470 2306 quo

376 2296 383 2304 ⁴
432 2319 542 2350 ante
566 2320 647 2363 :ex
674 2318 754 2351 aut
779 2309 1004 2368 princeps.
1371 2313 1469 2356 thid.

368 2370 572 2429 Populus
617 2369 745 2429 idem
790 2369 868 2416 sub
913 2370 1257 2426 Monarchico,
1292 2372 1467 2420 Aristo-

429 2434 637 2502 ‹zratigzo³
666 2436 997 2482 Democratico
1030 2436 1276 2498 regimine.
1324 2452 1381 2492 2,
1413 2456 1472 2492 9,

1354 2510 1376 2546 8
1398 2536 1412 2559 ‚
1450 2518 1468 2547 ι

371 2559 573 2622 Populus
598 2559 805 2620 migrans
835 2560 976 2611 idern.
1260 2582 1284 2613 2
1304 2599 1319 2620 ‚
1351 2583 1376 2618 9
1394 2602 1406 2621 ,
1445 2583 1470 2621 7

372 2623 573 2681 Populus
600 2623 726 2672 idem
751 2628 995 2683 quamdiu.
1373 2635 1471 2679 ibid.

371 2687 572 2746 Populus
597 2688 846 2748 quomodo
871 2691 1084 2741 intereat.
1121 2706 1146 2739 2
1167 2709 1218 2746 ‚9
1235 2727 1245 2747 ‚
1268 2708 1286 2745 3
1311 2727 1322 2746 ,
1345 2709 1389 2745 3.
1424 2697 1471 2743 ὃς

1050 2763 1166 2813 §.4,
1207 2773 1245 2804 1.
1285 2765 1326 2814 §.
1363 2767 1420 2812 6,
1453 2751 1495 2806 Ικ

372 2812 572 2872 Populus
620 2808 823 2859 (ubditus
861 2829 923 2866 an
972 2815 1034 2863 ob
1088 2820 1209 2880 regis
1250 2820 1475 2870 delictum

430 2876 578 2936 puniri
606 2874 755 2937 poss'it.
1093 2898 1151 2937 2,
1187 2899 1239 2931 21
1266 2917 1279 2938 ,
1320 2899 1376 2939 17
1399 2920 1412 2941 ‚
1454 2907 1471 2937 χ

375 2941 574 3001 Populus
598 2938 760 2999 quibus
789 2940 943 2988 modis
971 2942 1441 2999 dividatur,inre1eat
1459 2987 1469 3007 ‚

436 3002 748 3051 uniatu.1t.vide
765 3007 961 3052 Civitas.
983 3007 1109 3055 idem
1136 3024 1300 3057 manet
1330 3015 1469 3061 etiam

437 3066 539 3127 post
568 3080 716 3113 annos
757 3070 906 3116 mille.
939 3086 964 3115 2
987 3105 1000 3124 ,
1036 3089 1091 3126 9.,
1129 3087 1170 3125 3.
1207 3075 1390 3124 etiamfi
1424 3081 1470 3125 in

436 3129 584 3177 olium
629 3132 786 3179 locum
832 3135 986 3184 sedem
1043 3139 1169 3184 luam
1217 3143 1471 3192 transtulit.

441 3212 503 3246 2,
536 3212 592 3248 9,
630 3211 670 3249 7.
710 3197 828 3241 alios
872 3199 1071 3260 populos
1111 3199 1189 3247 sub
1221 3203 1266 3250 se
1305 3203 1474 3255 habete

436 3258 616 3319 potest,
649 3263 696 3307 ὃ(
722 3261 769 3306 in
798 3272 877 3307 eos
907 3265 1002 3318 jure
1028 3262 1244 3313 absoluto
1273 3267 1472 3330 impera·

444 3337 504 3368 re.
551 3339 567 3368 t
592 3357 604 3375 ‚
645 3340 698 3378 3,
732 3335 772 3373 8.
808 3327 1021 3375 redactus
1060 3327 1118 3375 ad
1145 3345 1315 3391 paucos
1343 3367 1357 3389 ,
1395 3336 1472 3396 qui

440 3390 668 3448 populum
695 3388 845 3435 facere
883 3405 1149 3453 nequeunt,
1182 3395 1231 3441 id
1270 3399 1339 3452 jus
1365 3410 1471 3445 tan·

440 3463 543 3497 tum
567 3453 763 3506 retinet,
794 3456 922 3513 quod
949 3470 1045 3503 erat
1074 3459 1380 3518 privatorum.
1418 3481 1470 3519 2,

438 3532 499 3571 9,
533 3535 576 3571 4-
612 3527 794 3565 tenetur
829 3519 1032 3579 partibus
1074 3521 1160 3569 suis
1202 3523 1474 3574 conservare

440 3579 490 3626 id
532 3580 657 3633 cuius
703 3581 850 3641 gratia
884 3585 934 3632 in
974 3583 1245 3638 societatem
1284 3590 1472 3639 civilem

444 3655 638 3689 ventum
664 3643 743 3693 est.
1253 3670 1280 3700 2
1305 3688 1318 3710 ‚
1357 3663 1415 3711 6,
1450 3674 1477 3710 9

377 3705 661 3818 υἱτίιζῖἷοίῖε
686 3707 831 3758 nemo
869 3712 1120 3779 obligatur.
1168 3721 1266 3764 vide
1297 3718 1473 3783 Impos-

462 3789 478 3818 1
516 3787 588 3819 le.

381 3836 549 3898 Populi
584 3836 647 3883 ob
685 3853 848 3902 regum
878 3857 1068 3905 peccata
1103 3843 1284 3907 puniti,
1318 3863 1477 3910 quare.

1149 3923 1166 3954 1
1336 3922 1357 3959 8
1427 3923 1484 3960 16

381 3964 547 4027 Populi
594 3980 698 4026 pars
740 3967 929 4019 alienari
974 3987 1072 4019 non
1116 3927 1399 4033 pot’esi'nis}
1434 3982 1480 4025 &

444 4026 541 4091 ipsa
569 4032 845 4083 consentiat.
868 4052 892 4083 2
911 4045 967 4093 ,6
985 4075 998 4087 .
1018 4059 1064 4095 4·
1094 4051 1177 4087 nec
1203 4038 1301 4101 ipsa
1333 4042 1485 4102 potest
1547 4048 1675 4101 Poffe

445 4095 659 4145 recedere
686 4111 714 4146 a
738 4101 947 4162 popum,
978 4100 1064 4152 nili
1105 4116 1164 4153 ex
1198 4101 1379 4157 summa
1406 4123 1486 4159 ne-

2291 1058 2349 1098 2,
2399 1058 2450 1098 ¹5
2471 1078 2483 1098 2
2517 1059 2537 1096 3
2561 1080 2575 1102 2
2607 1061 2636 1094 2

1524 1098 1690 1160 Populi
1718 1113 1779 1147 an
1805 1101 2102 1162 postliminio
2133 1119 2161 1153 a
2184 1104 2371 1170 regibus
2405 1109 2643 1171 recipian-

1581 1175 1672 1211 tur.
2396 1186 2417 1224 3
2439 1207 2451 1229 ,
2483 1193 2543 1230 9,
2581 1190 2639 1223 12

1526 1227 1710 1286 Populo
1749 1228 1981 1277 destruCto
2018 1247 2077 1278 an
2121 1248 2195 1283 res
2233 1249 2432 1286 maneat
2472 1253 2642 1286 eorum

1581 1291 1663 1348 qui
1696 1296 1875 1353 populo
1911 1293 2161 1355 supersunt.
2433 1320 2492 1358 2,
2523 1320 2579 1360 9,
2609 1322 2640 1362 4

1527 1356 1778 1414 Populatio
1817 1358 1996 1406 inutilis
2038 1357 2117 1407 ubi
2151 1360 2297 1410 hostis
2345 1366 2539 1415 aliunde
2572 1368 2641 1415 ali

1580 1419 1748 1473 potest.

2485 1448 2541 1480 12

1527 1484 1780 1544 Populatio
1810 1484 1977 1548 quibus
2004 1502 2063 1539 ex
2091 1492 2237 1542 caufis
2268 1449 2642 1552 inhib3e31da·‚24'-

2398 1577 2416 1606 1
2521 1578 2539 1608 1

1524 1604 1923 1678 Populatio'quae
1979 1617 2143 1668 utilis:
2190 1626 2240 1674 ὃς
2289 1640 2391 1686 quae
2425 1577 2646 1738 zir’iuti'li}

2538 1695 2593 1737 ibi
2625 1723 2641 1740 o

1525 1740 1777 1798 Populatio
1811 1744 2088 1809 plerumque
2113 1749 2169 1798 fit
2197 1767 2256 1800 ex
2291 1752 2423 1801 odio,
2459 1771 2478 1809 3
2500 1790 2514 1812 ,
2554 1773 2641 1810 12,

1585 1818 1627 1852 1.
1661 1805 1777 1859 iusta
1821 1823 1876 1854 ea
1909 1808 1975 1856 est
2009 1828 2109 1874 quae
2147 1816 2207 1862 ad
2247 1832 2411 1878 pacem
2455 1819 2643 1869 hostem

1586 1870 1735 1930 cogit.
1778 1875 1877 1919 ilud.
1925 1887 1983 1919 ex
2025 1877 2194 1939 quibus
2241 1884 2388 1929 etiam
2430 1886 2642 1944 politicis

1584 1931 1729 1980 causis
1755 1949 1810 1982 ea
1837 1935 2183 1990 abstinendum.
2212 1962 2231 1998 3
2253 1980 2266 2002 ,
2283 1961 2336 1994 12
2354 1982 2367 2002 ‚
2387 1956 2425 1993 8.
2465 1950 2646 1997 milites

1584 1999 1870 2057 populantes
1911 2015 1971 2046 an
2018 2004 2133 2062 juste
2159 2009 2306 2056 etiarn
2337 2024 2501 2060 coram
2537 2020 2645 2061 Deo

1581 2060 1759 2119 possint
1804 2065 2033 2124 interfici,
2061 2069 2097 2116 fi
2130 2072 2181 2119 id
2220 2072 2494 2136 permissum
2537 2081 2646 2143 lege

1588 2124 1813 2175 humana.
2264 2151 2271 2156 “
2360 2157 2413 2194 2,
2454 2157 2544 2196 20,
2584 2158 2644 2198 17

1530 2190 1842 2247 Populatione
1867 2191 2199 2245 abstinendum
2223 2197 2303 2247 ubi
2336 2202 2436 2265 spes
2468 2205 2532 2251 est
2565 2223 2647 2255 ce-

1585 2253 1692 2298 letis
1722 2257 1941 2306 victoriae.
2301 2283 2321 2319 3
2347 2302 2361 2322 ,
2395 2284 2450 2315 12
2476 2303 2490 2324 ,
2525 2287 2542 2321 3
2569 2306 2585 2327 ‚
2619 2287 2643 2320 1

1531 2317 1846 2376 Populatione
1868 2321 2068 2372 inhibita
2094 2326 2410 2379 conciliantur
2437 2332 2646 2396 hostium

1586 2380 1750 2431 animi.
2222 2407 2485 2453 3‚12,8,
2528 2414 2644 2456 με.

1528 2442 1575 2488 in
1617 2448 2008 2504 Populationi'ous
2050 2451 2322 2504 inhibendis
2361 2463 2646 2523 Belgarum,

1588 2509 1892 2561 &Indorum
1921 2531 2046 2567 mos,
2203 2535 2261 2577 3,
2300 2537 2388 2581 12,
2425 2547 2485 2585 4,
2524 2540 2644 2581 ηε

1530 2568 1750 2621 Possessio
1785 2593 1863 2637 pet
1887 2581 2031 2628 alium
2062 2585 2329 2644 acquiritur.
2464 2606 2485 2642 3
2502 2627 2521 2648 ,
2542 2603 2569 2639 6
2585 2629 2597 2649 ,
2614 2611 2647 2647 9

1532 2634 1752 2697 Poffeffio
1779 2641 1829 2688 in
1856 2657 1905 2689 re
1930 2642 2071 2694 dubia
2085 2649 2270 2710 imperii
2299 2651 2537 2714 sequenda
2553 2660 2650 2719 pti-
2731 2672 2736 2681 ⁴

1587 2714 1719 2750 vato,
2401 2733 2423 2763 Ι
2443 2755 2456 2774 ,
2483 2740 2514 2779 4
2536 2755 2551 2777 ,
2586 2738 2646 2768 20

1534 2762 1758 2814 Poffessio
1812 2768 2016 2821 ferarum
2055 2789 2138 2838 per
2177 2773 2491 2841 instrumenta
2523 2798 2653 2846 quo-

1597 2833 1746 2876 modo
1773 2845 2017 2892 quaeratur.
2277 2839 2281 2846 “
2426 2864 2453 2893 2
2472 2883 2487 2903 ‚
2527 2859 2549 2894 8
2569 2885 2582 2905 ‚
2615 2871 2649 2909 4

1541 2891 1761 2942 Poffeffio
1793 2897 2153 2963 longaevainter
2177 2920 2310 2968 reges
2342 2912 2392 2959 ὃς
2421 2916 2651 2973 populos.

1536 3017 1754 3069 Poffessio
1785 3040 1885 3076 non
1925 3031 2178 3093 acquiritur
2217 3038 2361 3096 jaculi
2393 2991 2652 3089 irgxnfifio‘ss

1593 3099 1668 3133 ne·
2332 3119 2359 3148 2
2387 3137 2401 3157 2
2441 3115 2494 3161 8,
2531 3123 2582 3162 3>
2615 3126 2650 3166 4

1539 3146 1762 3197 Poffeffio
1788 3154 1852 3201 rei
1881 3154 2045 3205 alienae
2072 3161 2188 3217 iusta
2216 3179 2319 3226 quae
2346 3169 2397 3213 in
2426 3167 2557 3215 bello
2591 3171 2653 3218 fit

1590 3227 1650 3260 ex
1673 3217 1957 3271 necessitate.
1994 3228 2092 3270 vide
2120 3233 2403 3292 occupatio.
2440 3233 2653 3283 desulto-

1590 3277 1658 3324 tia
1684 3280 1751 3328 nil
1777 3282 1922 3332 efficit
1956 3287 2015 3334 ad
2046 3290 2118 3346 jus
2146 3297 2459 3357 proprietatis.
2497 3315 2521 3345 2
2541 3335 2553 3354 ‚
2587 3320 2649 3359 4,

1598 3357 1640 3394 9.
1678 3357 1727 3390 ut
1766 3347 1827 3394 ad
1865 3350 2136 3402 dominium
2170 3359 2243 3417 jus
2275 3359 2445 3416 faciat,
2476 3376 2653 3425 corpo-

1593 3407 1702 3453 ralis
1725 3413 1987 3473 requiritur.
2018 3433 2076 3472 2,
2107 3429 2161 3475 8,
2186 3438 2230 3475 3.
2259 3423 2374 3470 fasti
2400 3423 2563 3473 sufficit
2595 3429 2649 3476 in

1599 3466 1745 3542 bello,
1768 3492 1787 3528 3
1810 3511 1822 3532 ‚
1843 3494 1902 3524 20
1921 3515 1934 3534 ,
1957 3495 2029 3528 12.
2045 3482 2186 3547 longi
2211 3489 2437 3548 temporis
2463 3493 2651 3553 allega-

1599 3549 1638 3580 ri
1677 3537 1797 3585 solet
1837 3545 1986 3591 etiam
2025 3546 2149 3595 inter.
2190 3554 2394 3611 populos
2439 3549 2649 3604 diversos

1598 3611 1678 3645 aut
1709 3617 1852 3666 teges.
1879 3624 1905 3654 2
1923 3642 1938 3664 ‚
1961 3626 2021 3668 4,
2041 3627 2087 3658 2.
2117 3614 2299 3662 videtur
2327 3618 2509 3676 valere,
2544 3636 2649 3669 non

1596 3673 1785 3735 tontum
1820 3685 1878 3718 ex
1913 3676 2194 3731 conjecturis
2221 3678 2296 3726 sed
2324 3685 2373 3729 δε
2403 3685 2499 3738 jure
2529 3699 2652 3746 gen-

1598 3739 1719 3775 tvum
1751 3734 2038 3787 voluntaria
2075 3756 2101 3785 2
2120 3773 2134 3795 ,
2167 3762 2199 3801 4
2220 3779 2235 3799 ‚
2267 3759 2311 3796 9.
2347 3748 2396 3793 ὃ(
2427 3765 2453 3793 2
2475 3763 2562 3802 ‚19
2583 3759 2648 3807 ,6

1540 3791 1840 3846 Poffeffionis
1883 3802 2039 3864 longae
2082 3802 2223 3853 favor
2258 3809 2379 3855 circa
2427 3810 2648 3872 imperia.

2084 3884 2143 3924 2,
2178 3889 2312 3927 427·
2351 3875 2580 3933 &8‚2‚
2619 3895 2643 3932 3

1542 3918 1842 3998 Poffeffipnis
1881 3927 2244 3981 immemorialis
2290 3951 2392 3999 quae
2439 3940 2507 3987 vis
2552 3944 2655 3999 jure

1603 4001 1833 4048 genuum.
2446 4020 2472 4051 2
2490 4039 2505 4061 ‚
2536 4025 2567 4066 4
2584 4041 2598 4063 ‚
2623 4023 2655 4059 9

1678 4050 1771 4102 ffor
1799 4057 2073 4110 necestitate
2096 4059 2195 4123 pari
2214 4062 2548 4129 praeferendus.
2589 4089 2615 4117 2
2636 4107 2652 4126 ,

1666 4185 1716 4233 D
1734 4181 1764 4234 d
1779 4183 1812 4236 d
1831 4183 1894 4246 ἃ,
2482 4146 2663 4259 fini.
