3182 5113
289 458 348 531 (ᾗ.
369 453 531 516 v111.'
926 435 993 508 C
1039 437 1106 508 A
1155 438 1217 510 P
1266 435 1341 512 U
1393 436 1469 508 T
1566 433 1820 510 XXV.
2143 452 2295 533 717

284 582 426 640 nulli
460 583 806 657 probentur,
866 592 922 632 32
952 573 1081 632 ideo
1117 576 1441 647 praeclusum
1480 577 1588 634 erit
1629 577 1716 647 jus
1753 577 2011 633 humanae
2066 569 2304 629 societa-

288 660 378 714 tis.
453 675 485 705 a
521 661 611 718 Sic
648 660 705 714 in
739 654 1096 716 Maxentium
1146 650 1199 705 ἃ
1245 654 1302 707 in
1341 655 1624 711 Licinium
1658 650 2096 718 Constantinu3‚
2143 663 2195 696 m
2240 649 2298 704 in
2341 647 2518 697 aszf-

287 734 472 792 Persas
516 738 604 793 alii
638 738 1026 793 Romanorum
1051 731 1430 798 Imperatores
1459 746 1608 783 arma
1642 741 1915 801 ceperunt
1940 770 1954 795 ‚
2017 738 2111 782 aut
2138 710 2458 799 cape-'‘²100“
2478 707 2583 761 Μ’·

288 829 349 868 re
396 815 590 870 minati
629 811 785 883 sunt,
832 825 881 867 33
922 807 1019 865 nisi
1050 804 1165 861 vim
1200 819 1230 857 a
1264 802 1586 856 Christianis
1627 805 1915 876 religionis
1951 802 2186 859 nomine
2221 788 2580 859 ar-P·²'⁷²·¹'³'

289 902 502 949 cerent.

365 982 416 1036 3.
457 969 577 1023 Imo
609 968 773 1022 etiam
798 965 836 1021 fi
859 964 1108 1029 daretur,
1150 973 1224 1014 ne
1257 955 1314 1011 in
1348 952 1556 1009 summa
1595 951 1825 1022 quidem
1856 955 2179 1011 neceffitate
2215 974 2298 1013 ar·-

286 1060 377 1100 ma
412 1045 558 1099 recte
586 1061 615 1098 a
643 1042 870 1100 subditis
904 1040 1033 1097 sumi
1080 1037 1234 1110 (qua
1274 1032 1344 1084 de
1390 1045 1450 1084 re
1490 1026 1750 1082 dubitare
1784 1041 1844 1082 34
1889 1028 2130 1084 vidimus
2169 1031 2297 1089 illos

288 1118 434 1191 ipsos
451 1157 472 1185 ,
514 1136 755 1191 quorum
803 1117 1107 1174 institutum
1157 1109 1265 1165 fuit
1299 1104 1509 1174 regiam
1557 1102 1899 1175 potestatem
1946 1100 2294 1179 defendere)

287 1211 407 1250 non
432 1210 621 1251 tamen
659 1194 790 1250 inde
817 1193 1111 1267 sequetur,
1152 1198 1269 1239 1101]
1302 1177 1459 1262 POffe
1482 1179 1744 1261 P10,iPfiS
1778 1180 1847 1234 ab
1874 1177 1993 1232 aliis
2027 1194 2176 1233 arma
2201 1180 2285 1236 sU·

285 1272 381 1326 mi·
436 1272 675 1350 Quoties
710 1272 857 1327 enim
882 1265 1083 1326 astioni
1116 1256 1280 1317 alicui
1315 1268 1368 1306 35
1398 1249 1861 1323 1mpedimentum
1895 1254 2129 1328 ponitur
2160 1270 2289 1327 per-

286 1346 507 1414 sonale,
553 1364 669 1404 non
706 1365 778 1404 ex
807 1364 898 1414 re3
941 1342 1116 1400 toties
1169 1327 1324 1406 quod
1358 1328 1453 1381 uni
1489 1341 1608 1381 non
1646 1326 1814 1396 licet,
1856 1332 2016 1388 alteri
2049 1347 2153 1403 pro
2188 1348 2289 1386 eo-

286 1422 414 1477 dem
453 1424 619 1479 ficere
659 1422 877 1497 potest,
917 1420 957 1478 fi
986 1414 1158 1474 modo
1185 1406 1294 1462 tale
1318 1402 1385 1487 iit
1414 1401 1743 1487 negotium,
1802 1405 1859 1459 in
1893 1424 2010 1477 quo
2045 1407 2187 1463 alter
2218 1409 2296 1464 al-

287 1499 391 1552 teri
420 1499 675 1571 prodesse
719 1497 904 1568 poffit·
949 1495 1040 1550 Sic
1068 1503 1172 1559 pro
1208 1478 1458 1564 pupillo,
1504 1485 1559 1528 36
1591 1494 1745 1544 cujus
1767 1479 2302 1566 perso-najudicium

280 1588 399 1626 non
432 1575 609 1643 capit,
654 1572 834 1640 litigat
878 1578 1033 1622 tutor
1077 1568 1172 1612 aut
1225 1554 1396 1610 alius:
1455 1569 1558 1624 pro
1593 1553 1817 1608 absente
1861 1566 2028 1613 etiam
2070 1570 2126 1614 37
2175 1561 2293 1618 fine

277 1645 541 1700 mandato
574 1643 846 1698 defensor.
926 1632 1402 1708 impedimentum
1433 1639 1616 1684 autem
1653 1628 1807 1700 quod
1830 1630 2077 1689 refistere
2117 1636 2298 1692 subdi-

274 1728 398 1775 tum
428 1717 727 1789 prohibet,
772 1728 891 1770 non
923 1728 997 1768 ex
1024 1707 1184 1768 causa
1208 1705 1367 1763 venit
1398 1722 1518 1776 quae
1554 1704 1745 1760 eadem
1772 1705 1849 1761 est
1882 1718 1936 1758 38
1972 1708 2028 1763 in
2061 1709 2289 1767 subdito

277 1791 332 1848 {it
363 1792 420 1846 in
457 1808 574 1846 non
611 1788 869 1860 subdito,
912 1785 1006 1845 sed
1042 1799 1099 1840 39
1137 1801 1210 1842 ex
1236 1780 1484 1857 personae
1515 1781 1807 1854 qualitate,
1869 1800 1993 1855 quae
2028 1785 2084 1840 In
2139 1785 2282 1842 alios

276 1884 400 2012 ΠΟΣ.
434 1866 785 2002 ῗξῗεῃὲἓηεςει
834 1942 858 1990 b
891 1938 1169 2000 existimat
1204 1933 1356 1992 bello
1391 1949 1421 1987 a
1461 1948 1549 1988 me
1584 1934 1698 2006 peti
1730 1934 1925 2008 posse,
1970 1936 2070 2008 qui
2099 1951 2128 1992 a
2160 1953 2282 1992 mea
2323 1940 2346 1987 b
2369 1943 2444 1992 De
2470 1947 2559 1997 Ee-

276 2030 446 2091 gente
485 2019 753 2091 sepositus
794 2017 946 2072 suam
988 2016 1238 2088 exagitat
1266 2055 1283 2080 ‚
1354 2022 1418 2065 ut
1461 2008 1695 2066 diximus
1727 2055 1740 2078 ,
1811 2029 1939 2067 cum
1982 2012 2052 2067 de
2096 2008 2557 2086 poenisnffifflfls,

276 2093 644 2166 exposcendis
686 2104 975 2167 ageretur:
1037 2108 1157 2166 quae
1198 2104 1284 2143 res
1325 2085 1465 2159 saepe
1507 2102 1629 2140 cum
1672 2084 2000 2142 defensione
2039 2088 2165 2162 (ee)
2206 2091 2288 2145 in·
2347 2133 2350 2138 .

273 2170 600 2226 nocentium
646 2170 937 2238 conjuneta
976 2166 1068 2222 est.
1150 2163 1362 2222 Scimus
1405 2159 1625 2233 quidem
1667 2178 1738 2218 ex
1777 2165 2063 2219 veteribus
2096 2167 2290 2221 novis-

275 2261 386 2316 que
439 2244 716 2312 historiiS,
773 2260 834 2300 40
887 2241 1053 2298 alieni
1106 2238 1467 2311 cupiditatem
1504 2238 1608 2292 hos
1655 2236 1753 2293 fibi
1793 2256 2040 2309 quaerere
2083 2242 2289 2298 obten-

278 2330 399 2378 tus:
442 2318 536 2377 sed
576 2336 695 2379 non
734 2320 867 2377 ideo
907 2317 1087 2376 statim
1120 2317 1208 2386 jus
1250 2313 1360 2374 effe
1400 2312 1625 2382 definit,
1652 2312 1829 2387 siquid
1869 2332 1899 2370 a
1943 2316 2099 2373 malis
2125 2316 2277 2373 usur-

2091 2404 2278 2466 patur.

566 2578 611 2624 G
642 2585 680 2625 R
715 2585 751 2624 0
784 2588 821 2627 τ·
859 2589 880 2626 1
920 2581 966 2626 τῷ
1291 2584 1390 2622 non
1417 2568 1555 2619 habet
1580 2564 1837 2634 personam
1861 2565 2013 2615 standi
2051 2566 2103 2616 in
2139 2565 2266 2628 judi-

1287 2650 1382 2685 cio.

326 2713 378 2748 m
414 2698 463 2745 In
503 2700 659 2755 Persas
692 2701 782 2749 alii
819 2703 1125 2752 Romanorum
1153 2699 1239 2746 Im·
1352 2714 1406 2757 37
1438 2697 1536 2746 Sine
1565 2693 1778 2743 mandato
1820 2693 2051 2756 defensbr]
2123 2697 2260 2743 Nam

266 2766 514 2826 per-atores]
581 2765 871 2827 Exemplum
904 2764 1061 2811 limile
1089 2761 1237 2809 habes
1286 2761 1473 2822 deffensor
1498 2761 1720 2823 proprie,
1755 2759 1844 2823 qui
1875 2772 1964 2821 pro
1988 2770 2074 2802 reo
2110 2756 2259 2804 inter-

269 2827 320 2873 in
347 2826 483 2876 rebus
510 2827 671 2891 Pipini
688 2827 813 2892 apud
839 2825 1156 2891 Fredegarium
1184 2826 1234 2872 in
1286 2825 1419 2871 venit
1454 2823 1530 2871 abs
1572 2835 1634 2869 ue
1670 2821 1938 2882 mandato,
1982 2821 2034 2867 in
2075 2819 2154 2867 tit⁴
2188 2815 2261 2869 D.

266 2886 376 2937 fine.
1282 2886 1332 2935 de
1350 2902 1517 2951 procur.
1535 2836 1601 2935 (ἔτ
1627 2883 1786 2945 defins.

1351 2963 1401 3001 38
1438 2948 1671 3009 Jnffibdixo
1699 2945 1755 2997 6:1⁴
1782 2948 1907 3006 non]
1965 2951 2091 2993 Tam
2118 2945 2256 2991 enim

492 3019 538 3063 G
569 3027 606 3064 R
641 3027 676 3063 o
711 3029 750 3065 N
782 3029 818 3066 o
851 3033 883 3068 v
914 3031 938 3068 1
967 3031 1009 3068 1.
1279 3007 1689 3077 subje&0‚quam
1716 3026 1819 3058 non
1852 3006 2066 3067 subjesto
2092 3007 2254 3070 potest

1278 3076 1382 3123 fieri
1408 3090 1433 3121 a
1457 3073 1704 3140 superiore
1724 3074 1912 3132 injuria.

327 3155 384 3192 32
418 3139 514 3188 Ideo
544 3141 791 3203 praeclusum
817 3143 942 3202 erit]
979 3146 1097 3191 Non
1121 3156 1230 3207 pro·
1346 3154 1400 3191 39
1432 3141 1512 3187 Ex
1534 3138 1739 3204 perfhnae]
1773 3140 1846 3181 Ex
1872 3131 2150 3182 necessitate
2173 3146 2259 3197 pa-

260 3213 369 3263 pter
415 3204 613 3250 illorum
667 3207 738 3261 jus
777 3205 828 3250 in
867 3202 978 3252 suos
1021 3208 1230 3255 vetitum
1280 3202 1413 3249 rendi
1444 3202 1491 3248 ὅ(
1525 3199 1761 3265 patiendi.

259 3262 354 3331 erit
384 3265 658 3325 alienigenis
677 3299 692 3324 ‚
715 3264 1009 3312 intercedere
1033 3270 1235 3315 illorum
1336 3281 1398 3321 40
1413 3265 1572 3313 Alieni
1599 3260 1906 3327 cupiditatem]
1943 3258 2262 3325 Qicupiunt

262 3323 498 3380 injustitia:
528 3358 545 3383 ,
612 3326 748 3389 quod
803 3326 1034 3375 omnibus
1090 3331 1235 3378 bonis
1283 3326 1433 3375 aliena
1460 3325 1715 3386 invadere,
1748 3324 1845 3371 hoc
1871 3334 2107 3387 praetextu
2131 3321 2263 3369 diffi-

261 3398 530 3431 commune
556 3382 800 3457 societatis
824 3389 949 3436 inter
976 3389 1105 3454 ipsos
1131 3396 1232 3444 vin·
1284 3391 1466 3438 mulare
1514 3389 1825 3454 propositum
1873 3386 2016 3434 suum
2049 3420 2065 3446 ‚
2127 3384 2262 3450 quafi

263 3450 429 3496 culum
460 3447 609 3493 dedlt·
1282 3455 1473 3501 veniant
1502 3452 1805 3501 vindicatum
1833 3450 2019 3498 alienas
2057 3448 2260 3507 injurias

327 3527 378 3563 33
420 3510 522 3563 Nisi
544 3513 666 3567 vim]
697 3510 998 3561 Abstinerent
1026 3532 1051 3564 a
1079 3517 1232 3580 perse·
1282 3516 1572 3577 (Justin.4,
1605 3533 1648 3568 3-
1691 3531 1741 3568 15
1768 3546 1783 3568 ,
1813 3527 1856 3558 1.
1894 3522 1980 3567 16,
2014 3525 2055 3558 1.
2097 3526 2151 3569 17
2173 3545 2189 3572 ,
2218 3526 2266 3561 2.

258 3574 543 3645 curione&
568 3571 816 3638 suppliciis
844 3576 1229 3629 Christianorum
1288 3594 1340 3630 18
1359 3617 1376 3643 ,
1399 3579 1467 3641 3·)
1503 3576 1591 3626 etsi
1625 3577 1833 3625 serviant
1859 3575 2084 3625 aviditati
2112 3572 2224 3624 suae.

260 3635 327 3683 ob
354 3638 661 3696 religionem.

325 3716 383 3755 34
413 3698 617 3747 Wdimus
645 3700 744 3748 illos
778 3701 916 3763 ipsos]
953 3719 973 3750 1
997 3739 1012 3761 ,
1047 3719 1092 3763 42
1122 3722 1164 3758 8.
1346 3705 1453 3769 (ee)
1486 3703 1690 3753 Videtur
1730 3701 1870 3757 heic,
1926 3703 1978 3750 in
2023 3699 2263 3748 omnibus

324 3779 375 3815 35
439 3762 790 3825 Impedimentum
839 3767 1095 3826 personale]
1158 3779 1230 3820 Ex
1284 3766 1591 3819 Editionibus
1611 3803 1628 3827 ‚
1673 3761 1895 3815 excidisse
1941 3780 2036 3813 vox
2061 3761 2264 3820 subdito-

295 3823 455 3896 ersona
489 3826 562 3872 vel
587 3827 872 3873 conditione
900 3831 1016 3876 certi
1044 3836 1231 3893 generis
1284 3851 1397 3887 rum,
1415 3847 1566 3896 quam
1599 3833 1740 3882 series
1767 3830 2005 3877 orationis
2034 3826 2271 3893 postulat»

295 3903 548 3946 ominum,
582 3903 636 3936 ut
663 3889 742 3938 hic
772 3886 879 3937 sunt
910 3888 1128 3950 subjesti.
1289 3897 1344 3959 J.
1379 3897 1439 3946 Β.

318 3961 374 4004 36
410 3950 544 4008 Cusus
581 3956 763 4017 perstma
802 3949 1059 4018 judicium]
1123 3960 1225 4023 Qi

2113 4019 2277 4066 GRO»
