3182 5113
1563 404 2201 470 INDEX}

759 511 1023 579 quomodo.
1189 521 1248 563 2,
1286 519 1376 563 17,
1408 518 1451 560 7.
1488 504 1538 552 &
1574 520 1631 560 ε,
1667 519 1757 557 21,
1794 519 1809 550 1

704 580 906 641 Legatio
945 571 1071 637 apud
1101 566 1321 620 inimicos
1362 566 1627 633 praefidium
1671 567 1816 616 habet

761 643 870 700 iuris
899 644 1029 704 gent.

700 706 992 770 Legationes
1024 701 1212 751 affiduae
1240 700 1368 764 reiici
1390 694 1597 761 possunt.
1637 714 1662 744 2
1688 732 1701 753 ,
1743 708 1814 754 18,

1697 777 1717 814 3
1744 798 1756 818 ,
1793 781 1817 810 2

1928 508 2009 569 qui
2054 507 2253 568 impedit
2298 504 2464 556 damni
2509 501 2608 554 dati
2650 517 2881 576 terretur.)
2908 525 2963 569 1,

2823 589 2906 631 17,
2941 593 2961 627 3

1568 650 1625 690 2,
1666 642 1717 679 18
1740 667 1753 689 ,
1790 643 1815 680 6
1867 640 2050 697 Legata
2093 635 2280 697 integra
2314 633 2520 692 solvere,
2553 633 2652 682 fine
2682 635 2967 688 detraffione

1928 700 2131 748 falcidiae
2165 703 2445 749 naturaliter
2476 715 2713 764 quemque
2745 702 2960 766 obligari,

1933 779 2029 826 quo
2065 763 2192 813 sensu
2224 763 2420 814 dicatur.
2723 782 2778 820 2,
2816 782 2903 825 14,
2935 776 2963 812 6

696 833 981 896 Legationis
1023 835 1095 894 jus
1123 831 1238 893 quid
1273 828 1533 877 contineat.
1576 837 1739 882 2,18,
1773 844 1815 880 3.
1867 835 2160 892 Legatorum
2199 830 2401 879 violatio
2442 831 2638 878 durante
2674 827 2803 876 bello
2837 832 2968 882 com..

756 895 823 946 est
852 899 974 948 inter
1005 897 1210 945 eundem
1244 896 1474 958 populum
1502 893 1551 938 in
1578 889 1719 938 bellis
1749 893 1812 939 ci-

755 961 942 1012 vilibus.
982 979 1006 1009 2
1028 997 1041 1017 ‚
1061 976 1078 1007 1
1095 972 1116 1009 8
1136 996 1149 1017 ,
1171 971 1212 1010 8.
1241 977 1318 1007 cur
1348 957 1630 1006 institutum.
1660 973 1705 1011 2,
1728 966 1779 1002 18
1799 992 1809 1011 ,
1844 973 1848 982 ·

760 1048 811 1089 4.
831 1027 1158 1076 introdustum
1190 1040 1217 1072 a
1245 1028 1343 1087 jure
1368 1035 1500 1086 gent.
1522 1021 1808 1067 voluntario,

1562 1102 1587 1131 2
1615 1119 1627 1139 ‚
1670 1093 1719 1129 18
1742 1118 1755 1138 ,
1791 1099 1802 1127 1

692 1155 903 1220 legatus
928 1155 1234 1218 municipalis
1255 1168 1356 1201 non
1377 1149 1550 1213 regitur
1577 1150 1675 1204 iure
1695 1163 1802 1210 gen—

756 1224 878 1269 tium
908 1220 982 1268 sed
1012 1223 1151 1268 civili.
1189 1237 1213 1266 2
1234 1254 1248 1275 ,
1280 1228 1332 1264 18
1353 1235 1406 1271 ‚2
1465 1230 1488 1258 a
1514 1213 1805 1275 pignoratio-

751 1286 891 1334 nibus
921 1284 1212 1333 1ubditorum
1240 1298 1326 1343 pro
1353 1279 1546 1344 civitate
1567 1278 1806 1338 excipitur.

756 1368 815 1407 3,
850 1368 907 1406 2,
944 1367 986 1405 7.
1025 1347 1325 1410 provincialis
1366 1358 1463 1391 non
1506 1343 1681 1404 regitur
1716 1345 1811 1396 jure

752 1417 971 1477 gentium
1018 1414 1098 1460 sed
1143 1413 1285 1459 civili.
1325 1428 1387 1466 2,
1434 1416 1486 1454 18
1518 1441 1531 1464 ,
1569 1422 1613 1457 2.
1659 1407 1808 1468 puniri

751 1494 815 1526 an
847 1479 987 1541 poffit
1035 1494 1094 1526 ex
1134 1474 1358 1525 omnibus
1389 1469 1534 1519 caufis
1577 1485 1679 1532 quae
1712 1470 1811 1517 sunt

750 1556 923 1591 contra
971 1546 1037 1601 jus
1086 1545 1320 1603 gentium.
1358 1555 1382 1584 2.
1411 1574 1425 1594 ,
1466 1546 1516 1582 18
1549 1569 1563 1590 ,
1599 1556 1644 1594 4.
1682 1549 1742 1581 an
1776 1534 1809 1581 fi

755 1608 871 1670 quid
903 1608 1192 1656 commiserit
1218 1617 1384 1653 contra
1403 1603 1576 1648 statum
1605 1598 1805 1661 Reipub.

749 1677 854 1723 ibid.
897 1689 955 1719 ex
1004 1674 1138 1719 nulla
1184 1672 1331 1718 etiam
1376 1663 1629 1714 necessaria
1675 1663 1806 1710 causa

748 1737 906 1801 puniri
938 1736 1090 1798 potest
1126 1732 1184 1782 ab
1212 1751 1269 1782 eo
1290 1768 1302 1790 ,
1337 1732 1397 1779 ad
1420 1744 1563 1791 quem
1591 1725 1801 1776 mittitur.

754 1821 784 1850 2
806 1837 820 1858 ,
859 1810 913 1852 18
934 1837 946 1857 ,
980 1821 1026 1860 4.
1057 1800 1134 1847 sed
1162 1815 1240 1858 per
1276 1814 1384 1844 eum
1416 1793 1444 1841 Ξ
1478 1807 1574 1856 quo
1607 1794 1808 1840 mittitur

747 1881 900 1928 poena
940 1866 1069 1927 exigi
1102 1876 1180 1910 aut
1224 1863 1356 1909 bello
1384 1859 1494 1922 peti.
1533 1861 1632 1906 ibid.
1666 1860 1787 1904 ratio

748 1946 865 1978 nem
893 1930 1088 1977 reddere
1127 1927 1369 1973 fastorum
1403 1923 1593 1971 suorum
1630 1924 1810 1969 nemini

753 1996 940 2057 cogitur
958 1992 1054 2040 ‘nisi
1092 2005 1118 2036 a
1147 2005 1247 2050 quo
1276 1989 1496 2036 mittitur.
1538 1990 1636 2034 ibid.
1664 2002 1687 2032 a
1711 1985 1803 2033 sub·

750 2059 962 2106 dirorum
990 2071 1190 2106 numero
1217 2055 1444 2117 excipitur
1459 2053 1556 2112 jure
1575 2052 1804 2114 gentium.

1599 2133 1619 2170 3
1643 2149 1657 2171 >
1695 2133 1746 2170 2,
1784 2133 1809 2170 7

688 2191 897 2252 Legatus
923 2203 984 2236 an
1011 2186 1392 2248 iurisdietionem
1418 2182 1608 2229 habeat.
1644 2196 1670 2226 z
1689 2213 1702 2234 ‚
1726 2190 1777 2226 18
1803 2214 1815 2234 ‚

1696 2254 1716 2290 8
1737 2278 1750 2300 ,
1787 2262 1809 2290 2

687 2320 900 2381 Legatus
921 2352 934 2373 ‚
954 2316 988 2364 fi
1021 2316 1136 2379 quid
1167 2314 1367 2369 debeat,
1399 2309 1652 2374 quomodo
1680 2322 1808 2354 com—

759 2382 1032 2444 pellandus.
1587 2390 1611 2421 2
1633 2408 1645 2429 ,
1679 2382 1730 2420 18
1753 2408 1766 2430 ,
1782 2391 1809 2426 9

686 2448 864 2508 Legati
901 2449 1178 2494 mittentem
1214 2441 1437 2505 obligant
1468 2441 1615 2488 etiam
1644 2453 1811 2485 contra

754 2526 927 2557 arcana
961 2511 1207 2556 mandata.
1544 2506 1602 2561 κ’,
1636 2519 1720 2557 11,
1759 2518 1809 2549 12

684 2577 896 2637 Legatus
946 2571 1358 2636 quando'sponte
1403 2569 1606 2618 domum
1668 2566 1812 2614 redire

753 2638 915 2701 poffit.
1436 2653 1494 2688 2,
1539 2642 1738 2688 16,25‚
1784 2650 1809 2678 2

686 2705 863 2766 Legati
896 2704 981 2764 qui
1017 2704 1113 2762 iure
1144 2700 1361 2764 gentium
1396 2710 1606 2746 urantur.
1647 2714 1706 2752 2,
1740 2706 1812 2753 13,

1691 2776 1745 2815 2,
1791 2778 1802 2806 1

686 2831 864 2896 Legati
897 2830 946 2878 in
979 2829 1120 2878 bellis
1162 2828 1377 2879 civilibus
1412 2841 1509 2891 quo
1560 2827 1660 2885 jure
1701 2823 1804 2871 lint.

1467 2909 1492 2940 2
1515 2925 1526 2946 ³
1567 2900 1620 2936 18
1642 2925 1655 2945 2
1695 2906 1718 2934 2
1739 2924 1752 2945 >
1786 2906 1803 2942 3

687 2957 864 3022 Legati
893 2974 955 3006 an
981 2958 1283 3008 admittendi.
1418 3012 1422 3017 ¹
1473 2976 1498 3004 2
1518 2989 1531 3010 2
1573 2961 1625 3000 18
1645 2987 1659 3008 >
1699 2970 1716 3005 3
1737 2990 1749 3010 2
1788 2971 1801 2998 1

685 3024 860 3086 Legati
888 3023 951 3070 ob
982 3041 1098 3088 quas
1125 3025 1283 3073 causas
1314 3020 1489 3085 poffint
1524 3032 1625 3066 non
1653 3017 1808 3080 recipi.

1476 3102 1529 3141 2,
1568 3094 1748 3139 1823,
1791 3097 1830 3125 1'

687 3154 863 3218 Legati
889 3168 988 3214 quo
1019 3150 1128 3199 casu
1154 3152 1426 3202 mutabiles,
1460 3168 1517 3205 2,
1562 3159 1613 3193 18
1641 3180 1653 3200 ,
1688 3164 1704 3199 3
1735 3179 1747 3199 ,
1786 3160 1809 3188 2

684 3220 863 3284 legati
901 3220 1110 3266 referunt
1145 3219 1397 3281 personam
1431 3212 1685 3261 mittentis.
1754 3224 1811 3262 ι,

1564 3284 1616 3321 18
1735 3306 1748 3327 ‚
1789 3290 1806 3326 ς

686 3349 857 3412 Legati
902 3351 1000 3405 iure
1048 3346 1175 3394 civili
1217 3346 1316 3394 loci
1356 3340 1435 3390 ubi
1467 3338 1567 3384 sunt
1604 3291 1716 3383 niuri-
1741 3350 1807 3382 te-

751 3430 936 3462 nentur.
1473 3421 1532 3454 2,
1571 3412 1656 3456 18,
1685 3416 1743 3457 4,
1781 3419 1798 3455 5

687 3482 859 3540 Legati
885 3478 1119 3528 habentur
1146 3474 1278 3538 qu'afi
1306 3469 1453 3522 essent
1493 3480 1628 3514 extra
1671 3467 1800 3512 terri—

752 3545 943 3590 torium.
1703 3534 1799 3577 ibid.

685 3606 1132 3670 LegatiffdeliCtum
1176 3619 1256 3668 per
1303 3615 1446 3665 quern
1492 3592 1802 3658 puniendum.

890 3669 903 3677 l
1370 3684 1394 3712 2
1415 3699 1427 3720 ³
1469 3673 1520 3709 ¹3
1542 3695 1555 3716 2
1587 3670 1649 3719 4)
1686 3677 1705 3714 5
1728 3695 1740 3715 >
1778 3677 1801 3714 7

689 3732 863 3800 Legati
896 3747 975 3794 per
1004 3734 1203 3782 modum
1235 3728 1524 3779 defensionis
1546 3724 1700 3772 occidi
1728 3737 1805 3771 aut

752 3799 921 3861 repelli
948 3796 1153 3858 possunt.
1464 3809 1521 3846 ι,
1561 3800 1647 3846 18,
1681 3808 1740 3848 4,
1780 3807 1803 3845 7

689 3868 866 3931 Legati
894 3880 956 3910 an
987 3860 1257 3923 subjaceant
1290 3861 1375 3921 juti
1404 3855 1619 3908 talionis,
1653 3872 1708 3910 2,
1731 3865 1804 3912 12,

926 3978 930 3990 ,
1679 3936 1705 3974 7
1726 3954 1744 3975 7
1781 3937 1799 3966 Ῑ

688 3991 863 4055 Legati
890 3990 1066 4040 c'somus
1099 4004 1157 4037 an
1192 4003 1276 4052 pro
1307 3986 1452 4048 asylo.
1526 4002 1543 4033 1
1566 4021 1581 4042 ‚
1603 3994 1652 4032 18
1674 4018 1686 4040 ,
1706 3995 1726 4031 8
1747 4020 1760 4042 ‚
1782 4002 1809 4032 2

690 4056 863 4122 Legati
894 4057 1132 4119 capacitas
1162 4056 1235 4120 jus
1271 4052 1518 4116 quoddam
1551 4050 1647 4111 est,
1677 4050 1849 4113 quoti¹¹

940 4140 963 4163 ρ

1929 893 2108 957 pensari
2132 894 2297 958 potest.
2328 913 2345 949 3
2368 930 2381 952 ,
2405 911 2485 952 19,
2507 912 2578 949 19.
2613 896 2691 941 lex
2724 894 2967 958 delegatis

1933 974 2033 1005 non
2077 960 2311 1008 violandis
2344 962 2542 1021 pertinet
2588 959 2645 1006 ad
2696 959 2841 1021 legari
2867 978 2968 1023 per-

1931 1021 2097 1071 sonam
2127 1060 2140 1079 ‚
2175 1022 2355 1072 etiamst
2402 1026 2446 1071 is*
2485 1025 2565 1087 qui
2603 1020 2727 1070 misit
2775 1040 2966 1084 poenam

1927 1090 2165 1138 meruerit.
2203 1106 2260 1146 2,
2299 1098 2385 1146 18,
2423 1106 2467 1145 7.
2506 1092 2702 1150 populus
2731 1090 2859 1149 quod
2892 1108 2966 1153 per

1929 1153 2118 1212 legatos
2148 1157 2352 1216 partium
2382 1153 2721 1216 integrantium
2738 1152 2966 1219 fecit‚ipse

1930 1216 2089 1264 feciffe
2119 1219 2416 1281 intelligitur.
2757 1232 2814 1272 2,
2850 1227 2873 1264 6
2899 1256 2909 1276 ,
2937 1240 2964 1276 9

1870 1284 2162 1357 Legatoorum
2190 1284 2277 1341 jus.
2404 1300 2427 1329 2
2447 1290 2535 1338 ,18
2555 1316 2567 1337 ,
2589 1297 2607 1329 1
2629 1316 2641 1337 ,
2660 1296 2699 1329 r..
2732 1284 2781 1330 &
2811 1292 2850 1340 §.
2873 1301 2923 1341 3,
2945 1305 2963 1336 1

1875 1351 2161 1406 Legatorum
2211 1352 2275 1406 jus
2322 1362 2382 1394 an
2427 1349 2585 1393 valeat
2631 1346 2755 1409 apud
2800 1362 2878 1394 eos
2912 1352 2965 1400 ad

1931 1425 2051 1472 quos
2081 1420 2182 1458 non
2207 1414 2474 1460 mittuntur.
2735 1426 2793 1466 2,
2830 1422 2906 1470 18,
2943 1436 2961 1471 ς

1871 1478 2163 1536 Legatorum
2192 1484 2263 1536 jus
2289 1478 2413 1523 valet
2440 1478 2486 1523 in
2513 1472 2661 1521 bello.
2735 1493 2790 1530 2,
2832 1487 2879 1523 18
2898 1513 2909 1533 ,
2941 1473 2965 1528 6'

1872 1544 2163 1602 Legatorum
2188 1542 2385 1589 comites
2413 1555 2474 1587 an
2490 1537 2808 1588 inviolabiles.
2832 1557 2873 1595 2,
2890 1553 2935 1588 18
2953 1580 2966 1602 ,

2212 1660 2217 1668 ι
2854 1614 2907 1661 8'
2944 1625 2963 1655 1

1873 1670 2161 1730 Legatorur'n
2200 1664 2328 1714 bona
2377 1679 2440 1715 an
2478 1664 2654 1729 poffinr
2693 1682 2780 1730 pro
2817 1669 2965 1720 debito

1929 1735 2048 1794 capi.
2728 1749 2755 1779 2
2775 1768 2789 1788 ‚
2827 1744 2875 1780 18
2895 1769 2907 1790 ,
2936 1755 2963 1790 9

1871 1795 1932 1843 ob
1964 1804 2171 1859 Legatos
2200 1796 2408 1845 violatos
2435 1794 2582 1844 bella.
2703 1812 2759 1853 2,
2799 1809 2845 1844 18
2864 1834 2876 1854 ‚
2912 1814 2959 1848 rr

1871 1857 2126 1922 Lexquid.
2581 1874 2962 1919 1‚1‚9‚1‚2

1876 1932 1969 1973 Lex
1997 1923 2146 1972 Mofis
2174 1925 2418 1986 dupliciter
2439 1922 2646 1972 sumitur.
2716 1940 2731 1969 1
2756 1959 2769 1981 ,
2799 1943 2822 1972 2
2840 1962 2850 1982 ,
2869 1935 2891 1973 6
2908 1962 2919 1982 ,
2936 1948 2964 1986 4

1873 1996 1968 2038 Lex
1989 1988 2139 2037 Mofis
2166 1990 2408 2050 judiciaria
2430 1989 2627 2052 quando
2659 1991 2707 2038 ὅ(
2729 1992 2964 2051 quomodo

1932 2053 2130 2103 sublata.
2667 2068 2685 2099 1
2709 2088 2722 2110 ,
2759 2072 2815 2111 2,
2850 2065 2902 2112 8,
2935 2071 2961 2112 7

1876 2124 1971 2166 Lex
2001 2117 2166 2167 Mofis,
2203 2120 2296 2164 vide
2324 2117 2403 2180 Jus
2426 2116 2688 2166 Hebraeum.

1875 2188 1972 2232 Lex
2003 2183 2156 2231 Molis
2199 2197 2299 2228 non
2326 2182 2467 2230 habet
2503 2185 2625 2244 prius
2662 2184 2709 2230 &
2738 2182 2968 2243 posterius.

2643 2262 2668 2293 2
2689 2281 2701 2300 ³
2734 2265 2753 2303 5
2776 2281 2789 2302 ν
2829 2262 2877 2299 Ῐ3
2902 2281 2913 2302 2
2945 2264 2963 2302 5

1874 2316 1971 2358 Lex
2009 2326 2108 2359 non
2153 2313 2332 2377 semper
2369 2310 2550 2359 irritum
2588 2309 2700 2358 facit
2731 2312 2857 2374 q'uod
2891 2326 2969 2358 ve·

1929 2388 2017 2424 tat.
2505 2386 2970 2434 2‚5,16,13‚4

1873 2445 1971 2487 Lex
1999 2441 2272 2503 imperfesta
2290 2442 2499 2504 Ulpiano
2528 2453 2641 2500 quae.
2683 2456 2708 2486 2
2725 2458 2777 2496 ,ς
2802 2474 2814 2495 ‚
2834 2448 2889 2484 16
2906 2473 2920 2494 ,
2946 2456 2964 2486 1

1870 2510 1969 2551 Lerr
1999 2505 2057 2552 de
2085 2506 2280 2552 sabbato
2317 2510 2364 2554 δι
2405 2507 2463 2553 de
2502 2503 2697 2552 decimis
2724 2503 2971 2565 quomodo

1934 2569 1993 2616 ad
2028 2570 2321 2618 Christianos
2354 2571 2600 2632 pertineat.
2642 2583 2661 2613 1
2685 2602 2699 2624 ‚
2737 2584 2754 2613 1
2776 2601 2789 2622 ‚
2828 2582 2914 2622 17,
2945 2585 2965 2621 ς

1875 2638 1969 2680 Lex
1996 2634 2122 2684 idem
2157 2628 2308 2697 potest
2346 2634 2477 2697 quod
2513 2630 2758 2679 consensus
2791 2626 2973 2691 expres-

1931 2698 2016 2745 sus,
2635 2707 2691 2747 3,
2731 2709 2815 2749 13,
2856 2694 2911 2749 1’,
2947 2710 2970 2740 2

1872 2766 1967 2808 Lex
1997 2762 2045 2808 in
2073 2760 2431 2824 praesumptione
2461 2752 2575 2802 faffi
2601 2769 2700 2801 non
2732 2758 2969 2804 existentis

1868 2834 1871 2842 '
1926 2827 2157 2879 fundata,
2194 2839 2253 2868 an
2281 2820 2480 2882 obliget.
2643 2836 2699 2874 2,
2736 2836 2813 2876 11,
2850 2830 2906 2876 6,
2942 2828 2972 2869 2'

1868 2896 1965 2938 Lex
2012 2896 2239 2937 Romana
2287 2884 2345 2930 de
2391 2881 2507 2931 laesis
2552 2882 2674 2929 ultra
2719 2884 2964 2934 dimidIum

1931 2956 2076 3015 pretii.
2599 2951 2655 3002 z,
2697 2963 2782 3004 12,
2823 2964 2906 3004 12,
2941 2966 2966 2997 a

1872 3025 1965 3065 Lex
2010 3014 2162 3061 occidi
2206 3011 2413 3074 aliquem
2455 3011 2726 3072 permittens
2763 3029 2823 3059 an
2856 3027 2966 3061 con-

1926 3080 2167 3128 scientiam
2199 3074 2363 3124 liberet
2397 3111 2411 3132 ‚
2459 3079 2507 3124 δε
2544 3074 2751 3137 quando.
2794 3094 2819 3124 2
2844 3111 2857 3133 ,
2908 3092 2957 3133 1,

2820 3155 2901 3199 14,
2937 3156 2956 3187 r

1870 3215 1994 3264 Lex,
2032 3222 2133 3269 qux
2173 3205 2328 3259 feram,
2364 3202 2503 3267 pisces
2519 3221 2543 3261 ,·
2567 3218 2674 3252 aves
2703 3204 2805 3267 reg?
2832 3204 2961 3252 addi-

1921 3275 2016 3326 cit,
2051 3287 2150 3317 non
2175 3269 2358 3328 injusta.
2759 3285 2815 3324 2,
2853 3283 2896 3325 3,
2936 3285 2956 3324 ς

1865 3343 1962 3384 Lex
1989 3336 2107 3395 justa
2133 3351 2233 3399 quae
2261 3346 2387 3383 vetat
2426 3333 2552 3396 quod
2577 3336 2675 3396 iure
2701 3347 2873 3381 naturae
2900 3332 2960 3378 li-

1927 3413 2017 3449 cet.
2861 3400 2955 3446 ibid.

1861 3472 1961 3515 Lex
1996 3465 2053 3513 de
2083 3462 2368 3523 usucapione
2401 3477 2460 3508 an
2494 3462 2725 3524 pertineat
2755 3460 2812 3507 ad
2839 3457 2956 3509 sum-

1919 3546 2054 3579 mum
2085 3528 2331 3591 imperium
2350 3562 2362 3582 ,
2383 3542 2458 3574 aut
2484 3529 2581 3587 ejus
2613 3540 2783 3590 partes.
2830 3542 2856 3574 2
2878 3561 2889 3581 ,
2909 3545 2952 3584 4,

2839 3606 2909 3645 12,
2928 3604 2946 3635 1

1862 3669 1961 3709 Lex
1989 3659 2155 3710 dicitur
2183 3668 2435 3704 commune
2464 3655 2653 3718 pastum
2683 3656 2860 3719 populi.
2897 3670 2951 3708 2,

1925 3742 2008 3782 11,
2034 3742 2072 3772 1.
2094 3727 2143 3772 &
2173 3737 2269 3785 quo
2293 3719 2435 3770 sensu.
2456 3739 2473 3775 3
2496 3756 2508 3777 ,
2533 3733 2583 3772 13
2612 3754 2625 3776 ,
2649 3736 2690 3768 1.
2712 3736 2808 3782 quo
2834 3716 2948 3765 sensu

1925 3790 2102 3837 dicatur
2141 3788 2299 3849 regina
2329 3786 2591 3835 divinarum
2622 3786 2945 3833 humanarum-

1925 3870 2017 3916 que
2043 3863 2207 3900 rerum.
2235 3867 2260 3897 2
2280 3884 2292 3905 ‚
2310 3855 2490 3910 20'‚44.
2517 3848 2581 3897 est
2614 3851 2662 3896 in
2693 3851 2874 3896 civitate
2895 3854 2942 3890 ut

1922 3935 2060 3968 mens
2088 3919 2136 3965 in
2177 3930 2398 3978 corpore,
2427 3929 2523 3977 qua
2568 3912 2746 3962 sublata
2785 3908 2950 3960 interit.

1928 4002 1947 4038 3
1973 4020 1987 4040 ‚
2027 4001 2045 4037 3
2064 4019 2077 4040 ‚
2119 3998 2161 4028 z.
2196 3980 2309 4027 facit
2335 3994 2383 4028 ut
2411 3978 2542 4044 quod
2566 3980 2708 4039 perse
2730 3971 2954 4026 laudabile

1923 4062 2117 4100 tantum
2146 4043 2210 4097 est
2231 4046 2425 4110 incipiat
2450 4040 2624 4109 <lebeti⁸
2656 4060 2674 4095 1
2694 4061 2752 4105 ,τι
2770 4049 2835 4106 ‚xz
2867 4035 2956 4085 ini=

2870 4111 2957 4168 qua
