3182 5113
923 615 998 678 ιε
1414 602 2447 670 MARELIBERUM.
2788 634 2923 691 ας,

928 727 1095 787 orbes
1122 726 1448 797 interiacet,
1491 727 1655 784 tantis
1689 724 1870 801 spatiis
1908 725 2204 794 discretOS,
2243 737 2306 784 ut
2333 728 2579 800 plurimis
2607 729 2811 790 saeculis
2850 738 2922 795 fa.

928 821 1076 863 mam
1109 800 1184 861 sui
1212 821 1327 861 non
1362 804 1648 877 potuerint
1690 805 2078 862 transmittere.
2159 806 2331 882 Quod
2374 805 2414 862 fi
2460 806 2929 883 Castellanorum,

931 884 1031 957 qui
1071 880 1127 938 in
1166 879 1361 938 eadem
1400 882 1520 939 sunt
1555 879 1713 938 causa
1745 924 1759 948 ‚
1797 882 1982 955 portio
2020 882 2291 948 accedat,
2332 899 2504 957 parvo
2544 884 2719 940 minus
2760 891 2929 947 omnis

932 974 1179 1017 oceanus
1209 958 1423 1016 duobus
1456 958 1680 1032 populis
1712 959 2048 1032 mancipatus
2083 957 2184 1023 est,
2208 958 2327 1016 aliis
2361 971 2447 1016 tot
2481 958 2732 1031 gentibus
2771 962 2834 1018 ad
2859 965 2924 1021 se-

929 1035 1314 1111 ptentrionum
1347 1033 1572 1092 redactis
1601 1034 1904 1108 angustias:
1942 1035 2291 1107 multumque
2321 1035 2556 1108 decepta
2601 1034 2678 1091 est
2707 1052 2888 1096 natura
2912 1087 2924 1107 ,

928 1129 1068 1185 quae
1097 1128 1218 1168 curn
1257 1114 1595 1169 elementum
1621 1111 1754 1168 illud
1782 1111 2036 1168 omnibus
2063 1111 2424 1169 circumfudit
2447 1157 2461 1180 ,
2485 1113 2745 1170 omnibus
2775 1119 2924 1175 etiam

932 1188 1281 1247 suffecturum
1311 1188 1566 1247 credidit.
1622 1191 1686 1244 ln
1716 1200 1870 1244 tanto
1910 1189 2051 1244 mari
2082 1189 2119 1246 si
2145 1188 2278 1261 quia»
2302 1187 2395 1245 usu
2424 1188 2734 1262 promiscuo
2770 1189 2924 1250 solum

932 1263 1033 1321 fibi
1067 1266 1356 1336 imperium
1387 1264 1439 1320 ἃ
1473 1264 1740 1321 ditionem
1775 1265 2089 1337 exciperet,
2132 1276 2323 1322 tamen
2351 1264 2660 1327 immodicae
2692 1265 2922 1324 domina-

932 1341 1106 1397 tionis
1135 1339 1415 1399 affectator
1444 1342 1760 1399 haberetur:
1803 1340 1841 1397 fr
1888 1341 2012 1413 quis
2045 1339 2254 1414 piscatu
2291 1353 2500 1398 arceret
2531 1342 2668 1398 alios
2690 1382 2704 1407 ,
2746 1344 2921 1401 insanae

930 1416 1248 1491 cupiditatis
1278 1432 1469 1475 notam
1502 1434 1621 1475 non
1655 1418 1942 1491 effugeret.
2010 1418 2086 1475 At
2118 1417 2213 1489 qui
2246 1418 2409 1474 etiam
2435 1421 2747 1491 navigatum
2775 1418 2925 1491 impe,

928 1491 1038 1559 dit,
1086 1509 1200 1565 quo
1229 1495 1364 1551 nihil
1394 1494 1489 1569 ipsi
1518 1495 1693 1569 perit,
1733 1493 1801 1551 de
1833 1510 1902 1549 eo
1937 1493 2074 1567 quid
2103 1493 2443 1551 statuemus?
2486 1494 2540 1550 Si
2570 1494 2691 1565 quis
2732 1494 2794 1550 ab
2830 1491 2923 1567 igni

929 1568 1030 1641 qui
1071 1581 1221 1626 totus
1261 1569 1385 1628 suus
1425 1570 1540 1635 est,
1567 1572 1750 1645 ignem
1791 1588 2023 1644 capere,
2061 1571 2247 1627 lumen
2287 1570 2380 1628 suo
2423 1570 2492 1627 de
2532 1571 2772 1638 lumine,
2814 1572 2921 1628 alte-

929 1663 1054 1703 rum
1094 1646 1589 1720 prohiberet‚lege
1627 1650 1776 1706 hunc
1818 1649 2072 1706 humanae
2113 1646 2383 1705 societatis
2416 1663 2575 1705 reum
2604 1657 2915 1723 peragerem:

932 1723 1065 1797 quia
1107 1724 1188 1778 vis
1228 1742 1292 1779 ea
1332 1725 1411 1780 est
1450 1724 1601 1782 istius
1643 1735 1886 1790 naturae,
2213 1789 2216 1796 ,

635 1839 665 1872 4
698 1819 873 1876 Ennius·
1128 1800 1208 1855 Ut
1245 1802 1593 1858 nihilominus
1627 1800 1723 1876 ipfi
1762 1801 1958 1867 luceat,
2009 1811 2128 1855 cum
2165 1797 2249 1853 illi
2285 1793 2587 1856 accenderit.
2629 1812 2671 1854 a

1014 1875 1167 1954 Quid
1219 1879 1278 1934 ni
1336 1880 1484 1935 enim
1537 1876 1764 1951 quando
1822 1876 1932 1932 fine
1982 1874 2312 1931 detrimento
2366 1875 2462 1933 suo
2517 1875 2698 1949 potest
2730 1911 2750 1942 ,
2792 1875 2918 1932 alteri

916 1954 1354 2022 ‘communicet‚
1394 1956 1453 2011 in
1488 1955 1552 2012 iis
1594 1969 1724 2027 quae
1765 1953 1884 2009 sunt
1917 1950 2207 2022 accipienti
2245 1949 2430 2018 utilia,
2476 1950 2628 2008 danti
2670 1968 2784 2007 non
2827 1969 2920 2008 mo·

641 2054 810 2099 &cicero
838 2054 889 2100 de
938 2027 1071 2084 lesta
1111 2028 1183 2084 b?
1225 2030 1341 2087 haec
1378 2030 1500 2088 sunt
1538 2072 1553 2097 ,
1594 2047 1712 2102 quae
1743 2026 2064 2100 philosophi
2103 2047 2129 2079 c
2168 2038 2285 2100 non
2328 2028 2521 2084 alienis
2564 2039 2773 2085 tantum
2791 2059 2814 2091 ‚·
2851 2028 2921 2083 sed

638 2117 706 2177 qff.
740 2136 780 2167 1,
939 2101 1240 2177 &ingratis
1277 2107 1522 2179 praestari
1563 2105 1780 2160 volunt.
1850 2106 1996 2180 Quae
2031 2118 2163 2157 vero
2196 2103 2254 2157 in
2292 2104 2453 2159 rebus
2488 2104 2712 2176 privatis
2742 2105 2922 2159 invidia

641 2198 660 2227 a
691 2177 1049 2247 Sen.lib.·est,
1088 2178 1283 2237 eadem
1334 2183 1390 2238 in
1445 2199 1502 2238 re
1559 2180 1844 2237 communi
1894 2193 2009 2236 non
2062 2176 2247 2250 potest
2299 2194 2414 2235 non
2474 2179 2581 2235 effe
2622 2180 2924 2235 immanitas,¹

637 2256 685 2307 ἕ·
717 2256 804 2311 ΜΡ·
837 2248 1397 2328 28·1mprobiffimum
1451 2256 1598 2313 enim
1655 2257 1770 2312 hoc
1823 2254 1900 2313 est
1934 2297 1947 2320 ‚
2001 2252 2155 2327 quod
2205 2265 2415 2310 naturae
2468 2254 2715 2313 instituto
2746 2300 2759 2322 ‚
2817 2272 2926 2312 con·

936 2331 1090 2391 sensu
1133 2336 1386 2405 gentium
1422 2374 1439 2401 ,
1475 2347 1664 2389 meum
1705 2348 1821 2388 non
1863 2334 2048 2387 minus
2090 2347 2258 2403 quam
2300 2343 2453 2387 tuum
2499 2331 2576 2388 est
2611 2375 2628 2400 ,
2683 2330 2738 2387 id
2781 2344 2831 2388 te
2868 2334 2926 2387 ita·

928 2411 1297 2482 intercipere,
1338 2421 1402 2466 ut
1439 2427 1509 2466 ne
1548 2406 1702 2464 usum
1747 2405 1971 2481 quidem
2012 2407 2144 2464 mihi
2185 2407 2488 2473 concedite,
2535 2423 2652 2481 quo
2690 2407 2925 2464 conceffo

924 2486 1290 2545 nihilominus
1343 2485 1400 2542 id
1435 2496 1607 2546 ,tuum
1646 2483 1749 2552 fit,
1789 2501 1953 2556 quarn
2009 2495 2164 2539 antea
2206 2481 2331 2541 fuit.
2414 2486 2562 2542 Tum
2600 2501 2737 2540 vero
2780 2486 2926 2541 etiam

927 2562 1028 2635 qui
1065 2561 1255 2621 alienis
1292 2562 1660 2628 incumbunt,
1702 2573 1798 2616 aut
1840 2561 2154 2617 communia
2198 2558 2589 2632 intercipiunt,
2626 2571 2770 2616 certa
2812 2577 2928 2632 qua-

929 2641 1063 2695 dam
1095 2636 1423 2712 poffeffione
1449 2636 1503 2695 se
1539 2647 1782 2694 tuentur.
1857 2637 2003 2714 Quia
2034 2636 2176 2692 enim
2209 2638 2418 2709 pri-rna,
2460 2650 2522 2692 ut
2550 2635 2812 2702 diximus,
2849 2651 2931 2706 ocf

649 2782 654 2791 ..
930 2718 1158 2789 cupatio
1197 2731 1283 2769 res
1312 2715 1563 2788 proprias
1599 2712 2023 2778 fecit‚>idcir'co
2067 2713 2354 2783 imaginem
2402 2712 2674 2784 quandam
2715 2710 2932 2768 dominii

627 2785 676 2817 μ
827 2840 834 2848 ,
929 2792 1161 2862 praefert
1186 2793 1434 2862 quamvis
1463 2789 1654 2859 injusta
1688 2788 1963 2845 detentim
2001 2789 2081 2846 At
2117 2789 2358 2845 Lusitani
2388 2805 2555 2855 num,
2593 2786 2749 2842 sicuti·
2777 2800 2930 2843 terras

929 2866 1211 2931 soletum,
1252 2866 1322 2922 fic
1366 2869 1515 2923 niare
1549 2866 1681 2921 illud
1716 2863 2218 2938 impofitis‘praediis
2251 2866 2323 2920 ita
2355 2864 2600 2933 undique
2635 2862 2923 2926 cinxerunt,

932 2953 1000 2999 ut
1030 2943 1087 2999 in
1120 2943 1367 3017 ipsorum
1394 2960 1559 3000 manu
1587 2941 1723 2998 ess‘et
1753 2959 1897 3014 quos
1933 2943 2141 2997 vellent
2174 2936 2517 3005 excludere?
2553 2947 2606 2990 at
2653 2953 2784 2992 vero
2828 2948 2920 2992 tan·

935 3030 1061 3074 tum
1086 3019 1197 3075 hoc
1221 3017 1369 3075 abest
1391 3064 1404 3089 ,
1448 3030 1508 3075 ut
1539 3018 1634 3091 ipsi
1669 3019 1868 3085 etiarn,
1902 3032 2026 3074 cum
2063 3015 2313 3073 adversus
2344 3011 2478 3068 alios
2514 3010 2755 3082 populos
2786 3029 2921 3094 inun-

933 3093 1066 3152 dum
1100 3094 1392 3162 dividunt,
1434 3112 1549 3150 non
1575 3093 1701 3151 ullis
1733 3094 1998 3151 limitibus
2035 3105 2127 3147 aut
2152 3101 2338 3144 natura
2356 3117 2379 3152 ,ι
2412 3097 2504 3141 aut
2528 3104 2689 3143 manu
2722 3089 2928 3157 politiS,¹

932 3169 1028 3227 sed
1069 3172 1393 3244 imaginaria
1427 3171 1661 3244 quadam
1698 3171 1838 3226 linea
1872 3170 1924 3225 se
1954 3172 2229 3227 tueantur.»
2305 3162 2477 3237 Quod
2510 3162 2546 3217 fi
2589 3162 2847 3234 recipitur
2878 3160 2916 3215 δε

931 3245 1198 3304 dimensio
1256 3248 1377 3303 talis
1430 3247 1497 3303 ad
1552 3246 1936 3320 polii-<fiendum
1994 3243 2169 3305 valet,
2209 3237 2525 3308 jamdudum
2573 3239 2738 3293 nobis
2791 3238 2921 3293 Geoor

929 3337 1124 3381 metrae
1161 3336 1365 3389 terras,
1416 3323 1743 3378 Astronomi
1778 3332 1960 3375 autem
1990 3318 2187 3372 coelum
2222 3317 2508 3386 eriperent.
2577 3314 2691 3369 Ubi
2722 3314 2812 3369 hic
2840 3315 2919 3385 igi-

929 3410 1021 3454 tur
1062 3402 1140 3453 est
1181 3401 1275 3454 ista
1302 3441 1315 3461 ,
1336 3399 1450 3453 fine
1490 3414 1599 3467 qua
1640 3395 1792 3452 nulla
1830 3392 2076 3450 dominia
2107 3391 2694 3464 c·oeperunt,corporis
2721 3390 2788 3445 ad
2819 3406 2916 3445 cor·

929 3491 1034 3547 pus
1080 3472 1414 3541 adjunctio?
1450 3473 1705 3528 nimirum
1747 3482 1972 3541 apparet
2010 3470 2066 3525 in
2108 3469 2260 3546 nulla
2300 3485 2356 3522 re
2396 3468 2579 3523 verius
2618 3465 2724 3522 dici
2763 3463 2918 3539 posse,

642 3557 673 3605 d
704 3562 853 3623 Joann.
937 3548 1089 3622 quod
1127 3548 1410 3605 Doctores
1455 3548 1626 3604 nostri
1667 3545 2031 3618 prodiderunt
2067 3544 2136 3601 d:
2178 3560 2324 3602 mare
2364 3559 2488 3599 cum
2529 3539 2595 3596 fit
2626 3543 2918 3614 incompre-

642 3625 757 3672 Fabe
804 3624 914 3686 ιτάὲτ-
941 3622 1243 3692 henfibile,
1284 3641 1402 3681 non
1435 3624 1619 3680 minua
1662 3640 1827 3695 quam
1872 3623 1997 3690 aer,
2041 3622 2243 3678 nullius·
2272 3620 2462 3693 populi
2494 3619 2659 3675 bonis
2700 3615 2917 3692 potuiffe

635 3700 688 3773 ’ζ
726 3690 819 3768 ῙηΓῗ·
851 3697 900 3737 ‘²⁶
942 3702 1218 3781 applicari.
1300 3699 1356 3757 Si
1393 3717 1530 3756 vero
1562 3712 1688 3755 ante
1720 3700 1856 3756 ali-os
1892 3698 2191 3771 navigasse,
2232 3695 2284 3751 &2
2330 3697 2475 3752 viam
2517 3692 2920 3768 quodammodo·

643 3769 726 3803 Μ’·
754 3759 847 3809 ‘²¹¹²‘
938 3778 1204 3852 ap'eruiffe
1227 3821 1241 3845 ,
1283 3778 1397 3833 hoc
1429 3788 1632 3832 vocant
1664 3792 1936 3847 occupare
1956 3810 1977 3839 ,-
2015 3774 2148 3847 qui-d
2180 3772 2286 3831 esse
2322 3772 2505 3845 potest
2539 3775 2708 3845 magis
2740 3769 2919 3854 ridicu·

935 3856 1094 3912 lum?
1139 3872 1276 3911 nam·
1308 3870 1431 3910 cum
1467 3852 1617 3908 nulla
1647 3870 1771 3925 pars
1801 3853 1864 3909 fit
1898 3854 2097 3920 maris,
2133 3852 2186 3907 in
2234 3863 2400 3921 quam·
2440 3859 2556 3906 non
2601 3848 2793 3921 aliq-uis
2824 3860 2918 3919 pn·

933 3950 1054 3988 mua
1090 3928 1362 4004 ingressus*
1390 3930 1479 3994 fit,
1524 3929 1775 4001 sequetur
1807 3943 2028 3985 omnem
2058 3928 2473 3998 navigationem
2501 3927 2569 3981 ab
2597 3926 2784 3998 aliquo
2819 3917 2915 3977 effe

933 4008 1273 4078 occupatam.
1338 4009 1421 4062 Ita
1457 4005 1707 4079 undique
1738 4004 2109 4062 excludimur0·
2175 4004 2325 4079 Quin
2356 4002 2408 4058 δε
2439 4002 2521 4057 illi
2552 4003 2647 4075 qui
2677 4008 2923 4059 terrarum·

937 4082 1135 4141 orbem
1185 4081 1538 4143 circum-vecti
1591 4082 1740 4153 funt,
1780 4094 1961 4143 totum-
2006 4073 2109 4144 fibri
2157 4096 2435 4141 oceanum
2478 4067 2924 4203 acquisiviffiegg}
