3182 5113
283 533 782 614 §.v1.vn.v1³1.
945 517 1013 589 C
1063 515 1128 586 A
1178 515 1237 586 P
1289 513 1366 587 U
1414 489 1489 582 T
1588 507 1725 583 111.
2131 525 2269 601 231

316 656 530 712 entium
563 658 639 714 ob
668 654 968 712 utilitatem
1007 667 1367 708 communem
1413 642 1769 711 introduxit,
1810 651 1874 699 ut
1914 639 1969 697 ot
2015 637 2282 706 infantes,

365 730 557 790 furiosi
590 730 834 788 dominia
866 727 1121 799 accipere
1176 726 1229 781 &
1282 726 1524 781 retinere
1579 719 1804 794 possent
1835 763 1851 788 ,
1899 734 1953 771 19
1988 714 2288 791 personam

272 803 492 862 illorum
532 809 759 864 interim
800 802 952 879 quali
992 800 1292 856 sustinente
1336 800 1584 854 humano
1618 813 1841 869 genere.
1888 794 2001 854 Sed
2025 792 2290 850 nimirum
2374 819 2379 822 s

272 883 519 939 humana
572 885 691 952 jura
753 880 930 940 multa
968 875 1313 936 constituere
1372 871 1602 945 poffunt
1637 886 1695 916 20
1734 883 1933 944 praeter
1977 880 2233 927 naturam
2268 883 2284 921 :

282 967 480 1014 contra
515 973 774 1018 naturam
807 955 968 1014 nihil.
1043 952 1183 1010 Ideo
1216 947 1530 1007 dominium
1574 947 1686 1001 hoe
1712 989 1726 1012 ‚
1768 946 1921 1017 quod
1972 946 2171 1003 favore
2209 945 2290 997 in-

277 1032 517 1092 fantium
556 1034 609 1091 &
645 1037 730 1092 his
767 1032 1026 1091 fimilium
1057 1074 1074 1101 ‚
1118 1024 1392 1085 consensu
1440 1022 1694 1095 gentium
1747 1021 2039 1078 humanius
2095 1022 2294 1077 viven-

277 1110 412 1166 tium
466 1110 848 1171 introdufflun
900 1108 977 1165 est
1010 1150 1026 1175 ,
1066 1105 1171 1162 stat
1217 1105 1367 1159 intra
1418 1113 1472 1144 21
1509 1099 1691 1154 aetum
1736 1096 1977 1167 primum
2004 1141 2017 1165 ‚
2073 1115 2182 1154 nec
2222 1091 2295 1150 ad

277 1186 547 1244 ztaaum
582 1185 922 1252 secundum,
965 1193 1030 1236 ut
1067 1181 1385 1252 loquuntur
1413 1173 1654 1241 scholae,
1696 1170 1883 1244 potest
1927 1174 2249 1245 pertingere
2275 1215 2295 1240 ‚

262 1260 332 1317 *id
365 1262 476 1328 est,
522 1261 590 1319 ad
624 1257 904 1327 habendi,
947 1271 1065 1312 non
1099 1254 1170 1310 ad
1208 1270 1308 1326 per
1341 1250 1395 1305 se
1428 1249 1629 1306 utendi
1672 1248 1757 1315 jus
1798 1249 2068 1319 pertinet.
2145 1249 2296 1302 Nam

275 1337 538 1395 alienatio
572 1337 626 1398 δι
667 1339 707 1394 fi
741 1353 849 1409 qua
888 1333 1024 1390 huic
1054 1330 1182 1386 sunt
1212 1326 1407 1384 similia
1434 1369 1448 1392 ‚
1504 1327 1564 1381 in
1603 1323 1718 1397 ipsa
1758 1322 1838 1378 sui
1877 1335 2079 1379 natura
2118 1321 2294 1378 inclu-

270 1410 413 1469 dunt
451 1417 632 1470 aetum
658 1411 866 1469 utentis
906 1408 1128 1465 ratione
1160 1401 1509 1468 voluntatiS,
1555 1418 1677 1471 quae
1710 1399 1767 1453 in
1805 1398 2011 1456 talibus
2055 1397 2293 1455 existere

271 1504 388 1544 non
426 1489 660 1561 potest:
712 1491 845 1567 Quo
893 1500 1012 1541 non
1074 1480 1218 1538 male
1271 1477 1478 1535 referas
1530 1473 1670 1530 illud
1720 1488 1754 1518 a
1786 1475 1944 1532 Pauli
1997 1474 2290 1549 apostoli,
2348 1486 2381 1518 a
2417 1470 2533 1521 Gal.

271 1564 547 1636 pupillum
592 1578 915 1636 quanquam
957 1575 1142 1615 rerum
1192 1566 1555 1629 paternarum
1606 1550 1901 1606 dominum
1937 1595 1953 1619 ‚
1999 1550 2133 1607 dum
2178 1551 2293 1618 eJ‘us
2327 1549 2465 1594 ¹V21·

274 1637 354 1709 est
391 1639 601 1705 aetatiS‚
646 1637 783 1693 nihil
816 1635 1039 1693 differre
1087 1651 1119 1687 a
1168 1630 1336 1700 servis
1371 1672 1386 1694 ,
1431 1626 1707 1683 exercitio
1764 1623 2009 1682 dominii
2058 1627 2296 1684 scilicet.

272 1712 367 1844 ξε
404 1714 540 1769 mari
576 1709 845 1787 coepimus
877 1705 1039 1783 'supra
1074 1704 1284 1780 ahquid
1319 1702 1508 1760 dicere
1542 1742 1559 1768 ‚
1605 1698 1764 1774 quod
1808 1716 1964 1758 nunc
1996 1702 2300 1760 absolven-

275 1800 414 1845 sum
454 1788 550 1846 est.

348 1865 477 1922 VII.
518 1864 775 1922 Flumina
808 1860 1075 1933 occupari
1114 1865 1425 1932 potuerunt
1458 1898 1474 1923 ,
1542 1867 1861 1926 quanquam
1892 1867 2000 1909 nec
2039 1867 2093 1904 23
2133 1852 2296 1926 supra

273 1956 381 1996 nec
428 1955 492 1998 24
530 1940 671 1998 infra
711 1938 1076 1996 includuntur
1120 1932 1407 1990 territorio
1448 1974 1461 1999 ,
1493 1928 1621 1985 *sed
1668 1945 1797 1985 cum
1832 1944 1978 2000 aqua
2020 1927 2296 2002 superiori

273 2014 331 2071 δί
362 2032 491 2072 eum
544 2031 599 2071 25
636 2016 922 2080 inferiori,
970 2023 1065 2067 aut
1117 2026 1243 2067 cum
1301 2006 1437 2063 mari
1478 2006 1786 2062 cohaerent.
1873 2003 2096 2061 Sufficit
2141 2005 2294 2060 enim

275 2090 432 2164 quod
465 2094 639 2162 major
683 2108 807 2165 pars
842 2129 857 2154 ,
898 2086 956 2144 id
1007 2085 1085 2142 est
1116 2125 1130 2144 ς
1202 2085 1378 2140 latera
1424 2080 1603 2139 clausa
1637 2079 1763 2136 sunt
1803 2081 1937 2152 ripis
1965 2126 1982 2151 ‚
2030 2079 2083 2136 &
2128 2078 2294 2155 ¹quod

276 2176 333 2214 26
369 2168 794 2240 comparatione
834 2176 1102 2220 terrarum
1135 2160 1404 2234 exiguum
1436 2156 1574 2230 quid
1608 2157 1685 2233 est
1724 2157 1957 2212 fiumen.
1990 2212 1993 2214 ,

343 2244 498 2297 VIII.
542 2242 637 2299 Ad
673 2241 787 2298 hoc
827 2237 1155 2310 exemplum
1189 2235 1414 2292 videtur
1447 2232 1500 2288 &
1556 2249 1706 2288 mare
1742 2233 2011 2305 occupari
2044 2231 2294 2305 potuiss‘e

272 2318 337 2372 ab
379 2333 486 2385 e0,
530 2318 626 2389 qui
664 2329 836 2373 terras
885 2314 954 2370 ad
985 2315 1127 2369 latus
1160 2322 1466 2381 utrumque
1499 2307 1778 2380 poffideat
1803 2350 1820 2376 ‚
1863 2308 2074 2365 etiamsi
2111 2325 2167 2367 27
2195 2319 2294 2364 aut

271 2392 428 2463 supra
463 2402 654 2465 pateat
691 2404 755 2448 ut
787 2405 843 2441 28
880 2390 1027 2445 finus
1052 2431 1067 2455 ‚
1111 2401 1169 2440 29
1203 2396 1299 2441 aut
1329 2383 1492 2456 supra
1519 2405 1575 2441 30
1596 2381 1649 2437 δί
1687 2383 1832 2438 infra
1869 2399 1918 2435 31
1949 2397 2015 2439 ut
2039 2386 2289 2452 fretum,

269 2484 328 2540 32
367 2466 679 2525 dummodo
718 2481 837 2521 non
869 2465 946 2519 ita
979 2478 1182 2533 magna
1217 2460 1284 2514 fit
1316 2475 1441 2530 pars
1474 2457 1636 2513 maris
1657 2501 1672 2522 ,
1712 2470 1779 2513 ut
1811 2474 1931 2513 non
1971 2478 2101 2517 cum
2129 2460 2293 2517 terris

274 2554 602 2618 comparata
653 2540 846 2615 portio
902 2552 1093 2593 earum
1128 2533 1309 2592 videri
1357 2531 1545 2607 poffit.
1626 2533 1702 2589 Et
1733 2532 1892 2606 quod
1943 2537 2045 2591 uni
2068 2535 2292 2610 populo

1376 2652 1380 2657 »
2192 2623 2289 2667 aut

495 2785 540 2830 G
575 2793 613 2829 R
646 2791 681 2828 o
716 2791 757 2828 N
790 2790 827 2828 o
861 2792 899 2827 v
933 2792 954 2828 ι
984 2791 1026 2827 1.
1306 2773 1647 2832 circumiacent
1675 2756 1859 2824 &³sunt
1889 2777 1940 2825 in
1981 2775 2255 2825 territorio·

999 2845 1007 2852 ’
1234 2897 1244 2908 ⁸
1367 2851 1425 2894 27
1455 2840 1551 2884 Aut
1563 2839 1732 2903 stcpra]
1761 2840 1898 2887 Unde
1925 2853 2103 2888 tetram
2130 2841 2297 2887 intrat.

343 2922 397 2959 19
429 2906 668 2964 Perssmam
693 2905 901 2961 illorum]
944 2895 1248 2951 Confidetatl
1362 2910 1419 2947 28
1456 2900 1621 2959 Sinus]
1671 2904 1810 2950 Sinus
1832 2916 1969 2965 patet
2000 2904 2076 2950 vel
2105 2916 2300 2967 apertu·

277 2972 328 3018 in
353 2980 676 3032 genere,non
705 2970 754 3016 in
784 2965 1075 3015 individuis:
1096 2976 1149 3010 ut
1168 2965 1251 3009 Fa·
1303 2974 1406 3007 ram
1438 2961 1586 3008 habet
1614 2967 1971 3014 tantummodo
2014 2966 2179 3030 supra,
2235 2964 2296 3012 ab

273 3034 383 3081 bius
410 3030 563 3079 infans
586 3031 663 3079 vel
691 3028 899 3079 furiosus
929 3027 997 3076 est
1017 3026 1247 3075 dominus
1303 3024 1407 3070 alto
1449 3021 1632 3071 scilicet
1677 3027 1829 3087 mari,
1878 3030 2008 3076 unde
2051 3044 2157 3092 pars
2197 3030 2301 3084 ejus

272 3103 432 3143 fetum
462 3095 751 3159 patrimonii
782 3090 853 3141 sui
873 3127 887 3153 ,
918 3106 1018 3158 qua
1056 3088 1215 3137 homo
1236 3119 1251 3143 ,
1303 3099 1480 3134 terram
1507 3086 1687 3142 intrat5
1722 3103 1826 3137 non
1859 3105 1977 3139 vero
2018 3093 2175 3145 infra,
2220 3091 2301 3140 hic

274 3159 325 3204 &
356 3173 452 3222 qua
483 3157 659 3210 Fabius
682 3190 702 3217 ‚
729 3172 831 3204 non
855 3171 955 3221 qua
991 3151 1149 3202 infans
1173 3152 1252 3199 vel
1302 3153 1439 3198 enim
1471 3147 1702 3208 objicitur
1730 3161 1864 3198 tetrae
1894 3155 2161 3217 gremium.

275 3217 501 3267 furiosus.
712 3249 715 3251 >
1367 3229 1425 3267 29
1459 3216 1551 3262 Aut
1574 3216 1755 3278 supra]
1788 3214 1925 3262 Unde
1952 3217 2180 3264 decurrit.

341 3297 401 3327 20
433 3284 600 3330 Praeter
625 3281 871 3342 naturam]
904 3281 1147 3331 Addendo
1172 3295 1258 3328 na·
1369 3292 1425 3331 30
1459 3281 1525 3325 Et
1549 3278 1707 3339 infra]
1742 3275 1835 3325 Ubi
1869 3278 2106 3342 angustias
2139 3277 2268 3331 exit.

276 3351 421 3403 tutat,
457 3344 594 3407 quod
624 3346 710 3392 illa
734 3361 837 3393 non
863 3345 981 3393 facit
1020 3346 1256 3411 quidem,
1372 3356 1422 3394 31
1464 3342 1524 3388 Ut
1546 3345 1740 3401 fretum]
1806 3345 2004 3389 Fretum
2042 3355 2177 3405 patet
2203 3341 2283 3392 vei

281 3406 375 3456 fert
413 3418 609 3462 tamem
640 3421 745 3455 non
769 3416 939 3456 autem
961 3407 1277 3457 'invertendo
1304 3402 1556 3454 transitum
1579 3402 1725 3450 habet
1758 3404 1808 3450 δε
1833 3402 1971 3469 supra
1988 3440 2003 3462 ‚
2039 3407 2170 3454 unde
2198 3423 2285 3453 an-

279 3482 517 3520 naturam.
705 3483 708 3486 ·
1301 3466 1471 3532 gustias
1508 3470 1652 3516 intrat
1685 3481 1848 3529 mare,
1896 3470 1946 3516 &
1988 3468 2151 3527 infra,
2191 3469 2280 3521 ubi

339 3548 397 3581 21
432 3531 596 3580 Afz‘um
619 3532 847 3595 primum]
892 3534 1193 3582 Potentiam.
1304 3546 1362 3579 ex
1387 3531 1612 3597 angustiis
1633 3530 1811 3577 evadit.

339 3613 402 3643 ιτ,
430 3594 593 3644 Aetam
604 3592 862 3653 secundum]
880 3598 1253 3659 operationem.
1372 3612 1425 3649 32
1462 3592 1706 3642 Dummodo
1731 3599 1851 3651 non]
1920 3596 2082 3645 Modo
2123 3608 2288 3654 terrae,

346 3675 400 3714 23
439 3660 615 3733 3Supra]
658 3662 703 3705 A
729 3657 871 3705 fonte
898 3659 946 3705 ὃς
973 3658 1129 3724 longo
1154 3657 1265 3725 spa·
1314 3675 1420 3735 quae
1445 3661 1566 3707 eirca
1589 3656 1750 3705 smum
1781 3670 1867 3705 aut
1893 3660 2078 3707 fretum
2104 3661 2156 3708 in
2196 3674 2290 3708 tet<-

279 3725 356 3773 tio
386 3722 624 3783 deincePS.
1314 3725 1488 3773 ntotio
1514 3722 1619 3770 sunt
1664 3722 1711 3768 &
1751 3736 1885 3767 mare
1923 3723 2166 3771 inclusum
2208 3724 2296 3776 hai

347 3803 406 3859 ²4.
438 3788 597 3846 Infra]
658 3785 721 3855 In
744 3783 884 3831 exitu
914 3785 961 3830 &
1003 3784 1259 3850 aliquanto
1287 3787 1458 3869 ghent,
1492 3787 1645 3851 {patio
1675 3786 1822 3848 longe
1848 3785 1899 3833 id
1940 3786 2200 3851 superent,
2236 3805 2295 3839 ut

284 3848 442 3917 spano
474 3860 586 3895 ante
615 3858 826 3893 exitum.
964 3908 966 3910 ‚
1287 3852 1382 3904 ‚hae
1426 3852 1601 3900 merito
1644 3864 1737 3896 una
1775 3864 1888 3897 eum
1932 3851 2293 3901 interveniente

347 3929 399 3967 ις
439 3910 671 3967 Inferior-i]
724 3910 812 3958 Vel
839 3910 986 3960 alieni
1011 3914 1266 3976 territorii,
1288 3924 1291 3940 l
1317 3918 1438 3962 mari
1466 3916 1709 3963 rationem
1734 3915 1920 3975 totius,
1967 3929 2103 3962 mare
2146 3920 2275 3965 inter

288 3979 363 4029 vel
390 3978 587 4024 nullius.
698 4034 709 4046 ⁶
1288 3982 1509 4041 {veniens
1544 3978 1792 4040 tationem
1827 3979 1996 4045 parda
2018 3977 2197 4029 habere
2225 3980 2294 4027 vi·

304 4054 306 4056 ·
348 4049 407 4091 26
451 4040 785 4105 Comparanone
822 4044 1076 4100 terrarum]
1108 4060 1112 4062 „
1143 4045 1266 4109 Qae
1283 4042 1518 4145 ideantur.

872 4128 875 4132 ·
1413 4122 1418 4128 ⁸
1509 4112 1543 4157 Ρ
1573 4122 1608 4164 4
1785 4135 1799 4139 -
1902 4128 1905 4133 ·
2128 4110 2214 4153 Ga
2228 4114 2288 4153 ει·-
