3182 5113
930 427 999 493 36

921 524 1112 581 scriptio
1128 556 1140 575 ,
1165 530 1251 582 pro‘
1281 531 1418 582 rege:
1449 525 1503 568 ad
1529 520 1792 567 Dominum
1816 516 2063 566 Martinam
2085 519 2340 569 Alfonsum
2365 524 2425 568 de
2451 524 2602 572 Castro
2626 520 2931 577 doufiliarium

920 581 1056 625 suum
1074 614 1084 633 ‚
1113 585 1154 624 δι
1179 582 1313 624 suum
1335 585 1585 639 Protegem
1612 578 1768 622 lndiae.

974 636 1151 680 Prorex
1176 637 1318 679 amice
1336 668 1347 682 .
1376 649 1460 679 rex
1490 637 1684 678 multam
1716 634 1909 676 salutem
1935 632 2018 676 tibi
2041 633 2193 677 mitto.
2255 634 2353 677 Etsi
2388 648 2475 692 pto
2514 648 2645 681 certo
2682 636 2826 682 habeo
2851 651 2931 684 tua

924 692 1190 745 praesentia,
1220 691 1360 748 iisque
1386 691 1562 734 viribus
1587 702 1697 731 cum
1720 689 1883 745 quibus
1909 687 1950 751 iu
1975 701 2127 742 partes
2150 689 2384 733 Austrinas
2416 690 2653 735 conceffisti
2671 725 2681 740 ,
2723 694 2935 747 perduel-

923 748 993 789 les
1018 748 1268 791 Hollandos
1287 779 1297 795 ,
1327 745 1406 802 qui
1431 746 1525 789 illic
1548 744 1752 791 haerent,
1781 756 1863 786 nec
1888 757 2037 787 mmus
2062 743 2325 803 indigenas,
2352 746 2428 802 qui
2455 748 2520 790 eis
2551 759 2791 802 receptum
2817 762 2931 804 prae.

919 802 1029 843 bent
1056 832 1065 850 ,
1098 803 1158 846 ita
1195 801 1428 858 castigatos
1463 800 1589 849 fore,
1621 810 1673 843 ut
1703 811 1787 842 nec
1821 798 1895 846 hi,
1924 811 2007 841 nec
2044 798 2107 861 ini
2143 803 2231 842 tale
2265 800 2507 857 quicquam
2534 803 2579 846 in
2602 806 2832 858 posterum
2859 818 2932 847 au-

919 856 1085 900 deant:
1118 857 1338 912 expediet
1360 868 1541 904 tamen,
1571 855 1627 897 ad
1653 867 1726 898 tes
1752 853 1967 904 tuendas,
1999 862 2050 896 ut
2076 857 2233 908 justam
2270 857 2476 902 clafl'em.
2511 857 2642 914 eique
2681 857 2807 914 operi
2832 858 2932 901 ido-

917 924 1077 961 neam,
1106 926 1213 956 cum
1250 925 1302 954 tu
1340 913 1483 954 Goam
1522 909 1722 957 redibis,
1754 909 1797 951 in
1833 908 1921 952 istis
1957 908 2091 952 matis
2116 908 2318 964 partibus
2342 912 2566 969 relinquas
2585 944 2596 962 ,
2623 911 2812 968 ejusque
2847 911 2929 956 im-

917 968 1102 1022 perium
1135 973 1177 1010 δι
1204 967 1429 1010 summam
1462 961 1780 1021 praefef’curam
1818 964 2005 1007 mandes
2035 965 2238 1007 Andreae
2267 965 2467 1010 Furtado
2498 968 2729 1012 Mendosoe
2758 999 2769 1017 ,
2797 978 2871 1010 aut
2899 968 2932 1010 fi

917 1035 1061 1076 quem
1091 1023 1132 1065 ei
1162 1021 1342 1065 muneri
1365 1022 1590 1077 aptiorem
1617 1017 1835 1072 judicabis
1864 1049 1875 1067 ,
1931 1019 2324 1074 quemadmodum
2349 1036 2433 1076 pro
2458 1033 2543 1066 tuo
2582 1022 2626 1065 in
2666 1035 2738 1065 me
2771 1017 2936 1065 affeetu

924 1075 1115 1121 confido
1132 1111 1142 1124 .
1170 1090 1219 1119 ea
1247 1076 1293 1118 in
1324 1089 1371 1119 re
1397 1091 1484 1119 non
1519 1074 1642 1116 aliud
1670 1085 1717 1116 te
1744 1073 2058 1128 respesturum
2076 1105 2087 1123 ,
2112 1088 2248 1129 quam
2277 1077 2402 1129 quod
2425 1079 2562 1120 rebus
2591 1080 2703 1121 meis
2729 1076 2817 1119 etit
2851 1076 2939 1118 uti-

923 1130 1154 1175 liffimuma
1212 1130 1409 1186 Scripta:
1431 1127 1617 1172 Madriti
1649 1141 1717 1178 ²7·
1758 1128 1856 1180 jan.
1891 1134 2018 1178 ¹607·
2062 1128 2307 1185 Signatum
2337 1151 2345 1174 :
2383 1144 2481 1174 rex.
2541 1131 2780 1188 Inscriptio
2813 1162 2824 1180 ,
2850 1144 2934 1187 pro

925 1198 1035 1243 tege
1052 1206 1061 1228 ;
1080 1187 1136 1230 ad
1157 1185 1416 1229 Dominum
1428 1184 1677 1229 Martinum
1689 1181 1947 1228 Alfonsu'm
1973 1182 2033 1227 de
2058 1184 2211 1229 Castro
2237 1186 2371 1231 suum
2399 1186 2777 1240 confiliarium,&
2803 1188 2934 1231 suum

924 1241 1179 1297 Protegem
1207 1240 1363 1283 Indiae.

2754 1389 2928 1407 ὀύ*

1312 1505 1776 1585 INDEX
1875 1503 2536 1582 CA1>1T1JM

1669 1702 1891 1778 Maris
1942 1700 2209 1775 Liberi.

2029 1901 2301 1974 proprium
2317 1918 2425 1955 non
2449 1892 2538 1972 effe
2555 1892 2939 1978 Lufitanot⁴um

2035 1979 2188 2031 titulo
2231 1978 2616 2051 prafirz'ptionis
2668 1990 2769 2034 aut
2821 1999 2937 2033 con-

2017 2053 2334 2124 suetudinis.
2861 2069 2935 2108 22

1959 2130 2118 2185 VIII.
2155 2130 2301 2203 *Jure
2336 2134 2581 2201 gentium
2620 2136 2763 2187 inter
2790 2138 2937 2208 quos‹

1005 2202 1228 2255 dominil
1265 2209 1325 2256 in
1355 2224 1430 2257 eos
1458 2203 1613 2256 Indos
1631 2241 1647 2268 ,
1686 2204 1762 2256 ad
1783 2221 1907 2278 quos
2030 2210 2108 2260 vis
2121 2206 2344 2260 liberam
2362 2208 2842 2276 ffmercaturam.
2863 2213 2932 2267 28

999 2279 1207 2332 Batavi
1230 2284 1523 2350 navigant,
1545 2280 1699 2332 titulo
1717 2283 1901 2334 inven-
1961 2280 2057 2336 IX.
2100 2283 2483 2336 Mercaturam
2509 2304 2627 2339 cum
2657 2283 2807 2337 Indis
2822 2294 2943 2356 pro·

997 2358 1173 2408 tionis.
1870 2361 1905 2412 6
2027 2362 2209 2431 priam
2264 2378 2372 2412 non
2413 2359 2503 2428 ff
2551 2357 2936 2432 Lufitanorum

922 2427 1025 2486 ΙΙΙ.
1068 2427 1354 2501 Lufitanos
1384 2432 1443 2484 in
1476 2429 1633 2484 Indos
1666 2451 1774 2484 non
1804 2431 1900 2484 ha·
1925 2403 1939 2527 ἱ
2038 2436 2190 2488 titulo
2215 2440 2576 2507 occupationls.
2865 2447 2936 2498 29

995 2505 1107 2558 here
1140 2507 1232 2580 jus
1270 2507 1495 2561 dominii
1536 2508 1689 2562 titulo
1739 2507 1895 2561 dona·
1962 2509 2031 2565 X.
2072 2511 2452 2565 Mercaturam
2490 2532 2608 2566 cum
2650 2511 2799 2582 Indis
2819 2522 2939 2583 pro·

994 2584 1150 2633 tiomsss
1190 2582 1498 2658 Pontzficia.
1871 2598 1897 2651 7
2030 2591 2209 2660 priam
2254 2606 2361 2639 non
2413 2587 2506 2655 effe
2553 2586 2936 2658 Lusitanorum

918 2654 1022 2712 IV.
1066 2655 1350 2728 Lusitanos
1382 2663 1441 2711 in
1472 2659 1633 2714 Indos
1667 2680 1774 2714 non
1805 2660 1900 2713 ha-
2039 2664 2190 2717 titulo
2218 2662 2513 2715 donationis
2526 2660 2830 2734 Pontifici&
2861 2673 2934 2726 30

997 2731 1108 2785 here
1122 2734 1214 2804 jus
1250 2734 1474 2787 dominii
1509 2738 1667 2790 titulo
1695 2736 1827 2790 belli.
1871 2743 1900 2795 8
1960 2738 2058 2795 XI.
2097 2738 2477 2793 Mercaturam
2500 2752 2618 2785 cum
2639 2731 2791 2786 Indis
2824 2749 2933 2786 non

924 2808 998 2864 V.
1039 2810 1210 2862 Mare
1256 2810 1330 2861 ad
1373 2810 1557 2870 Indos,
1602 2823 1703 2866 aut
1731 2814 1823 2886 jus
1849 2830 1902 2863 eo
2035 2815 2125 2884 effiz
2150 2810 2529 2883 Lusitanorum
2551 2812 2819 2881 propriam
2829 2810 2928 2882 ju-

1004 2885 1310 2956 navigandi
1353 2907 1460 2941 non
1500 2888 1591 2956 qffe
1636 2893 1902 2962 proprium
2035 2910 2090 2944 re
2105 2886 2508 2960 proscriptionis,
2529 2894 2631 2937 aut
2665 2884 2959 2954 consuetu?

926 1900 970 1955 1.
1010 1898 1160 1977 Jure
1210 1901 1455 1973 gentium
1505 1901 1774 1976 quibusvis
1837 1899 1915 1953 ad

997 1977 1200 2050 quosvis
1230 1976 1451 2033 liberam
1481 1979 1572 2049 effi
1604 1980 1903 2048 navigatio·-

999 2070 1138 2106 nem.
1177 2109 1182 2114 ,
1871 2067 1903 2118 4

924 2124 999 2184 II.
1045 2126 1331 2200 Lusitanos
1361 2129 1570 2182 nullum
1605 2127 1792 2181 habere
1809 2127 1903 2202 jus

998 2959 1384 3033 Lusitanorum
1427 2966 1585 3019 titulo
1620 2969 1900 3038 occupatio·
2035 2966 2189 3029 dinis.
2795 2957 2927 3014 ibid.

998 3041 1095 3090 nis.
1835 3057 1903 3093 10
1931 3039 2082 3102 qu.
2126 3030 2303 3089 Nulla
2333 3052 2366 3085 a
2407 3035 2575 3086 uitato
2596 3030 2929 3106 nitiLusIta-

922 3104 1025 3170 VI.
1082 3113 1253 3166 Mare
1304 3120 1406 3169 aut
1448 3116 1544 3189 jus
1601 3113 1905 3185 navigandi
1930 3112 1937 3164 Ι
2034 3130 2124 3166 nos
2142 3116 2205 3164 in
2211 3052 2520 3181 prohiZendo
2539 3115 2925 3180 commercio.31

984 3196 1261 3262 proprium
1283 3212 1392 3245 non
1408 3194 1497 3260 effe
1516 3192 1901 3262 Lusitanorum
1929 3170 1936 3280 Ι
1960 3187 2111 3244 XIII.
2152 3186 2377 3239 Batavis
2395 3187 2488 3260 jus
2511 3189 2795 3240 commercii
2834 3185 2931 3240 In-

942 3335 948 3339 „
998 3266 1150 3317 titulo
1186 3266 1487 3319 donationis
1503 3266 1805 3342 Ponttficia.
1831 3280 1893 3317 21
2032 3263 2244 3329 dicuni,
2288 3280 2398 3334 qua
2423 3272 2576 3334 pace,
2622 3281 2733 3336 qua
2769 3261 2926 3315 indu-

928 3340 1052 3396 VM.
1094 3339 1268 3394 Mare
1330 3352 1432 3396 aut
1463 3340 1559 3414 jus
1602 3284 1937 3413 navigandil
2034 3344 2282 3414 ciis,qua'
2300 3336 2421 3394 bello
2450 3338 2801 3395 retinendum.
2849 3352 2922 3407 33>

2707 3936 2941 4020 HEL-
