3182 5113
1171 423 1799 492 INDEX.

395 537 649 588 immatura
675 540 831 583 morte
853 527 1002 578 solerte
1030 522 1235 575 afficere.
1259 545 1285 576 2
1303 563 1318 583 ,
1355 542 1435 586 21,
1449 516 1468 656 Ι

395 618 469 662 14.
503 602 755 652 liberorum
782 608 852 644 res
882 609 942 641 an
983 593 1081 654 jure
1117 595 1320 666 natura-li
1356 608 1428 640 ac-

391 670 633 728 quirantur
654 658 931 728 parentibus.
966 661 1061 705 vide
1093 660 1300 717 Aequirr.

1542 537 1660 573 tem.
1841 524 2157 584 3‚4,2‚2.'
2208 523 2310 574 &c.
2354 537 2595 582 10‚1‚3

1488 589 1646 637 Licere
1672 586 1946 654 oppositum
1963 590 2006 636 ei
2023 587 2156 650 quod
2175 587 2311 639 decet
2329 623 2343 646 ‚
2358 601 2437 639 aut
2451 603 2601 651 opor-

1543 667 1629 703 tet.

1770 656 2107 713 3,4‚2‚2.&
2136 667 2598 715 cap.10,1‚2‚2‚1

335 730 515 780 Liberis
556 748 616 779 an
659 726 914 778 debeantur
951 718 1212 774 alimenta,
1248 722 1296 769 δι
1335 733 1432 779 quo
1489 720 1650 767 Licere
1677 718 1902 781 accipitur
1926 718 2204 780 dupliciter,
2239 719 2314 765 vel
2357 716 2487 765 lenm
2517 734 2606 766 ex-

389 794 533 844 sensu.
558 812 603 850 2,
621 810 645 850 7
668 812 726 850 ‚4
742 827 755 849 ‚
774 807 810 839 ι.
827 804 886 835 an
914 785 1073 834 alendi
1099 783 1245 844 vulgo
1272 782 1429 845 quaefi-

389 861 456 916 ti,
490 863 539 909 ὅ(
568 876 623 907 ex
654 855 828 904 incesto
857 853 973 907 nati.
1043 868 1102 905 2,
1139 861 1196 901 72
1228 866 1287 904 4,
1319 864 1379 902 22
1409 866 1427 902 3

328 920 522 973 Liberos
550 920 752 986 cogendi
776 921 860 977 jus.
1027 931 1081 970 ει,
1123 927 1144 964 5
1169 943 1185 966 ,
1221 927 1277 982 ²?
1318 927 1337 962 3
1358 950 1373 966 ,
1397 930 1436 983 ‘4

332 988 608 1036 Liberorum
650 1000 759 1032 cum
818 975 1083 1044 patentibus
1126 986 1435 1021 matrimonia

398 1066 562 1098 contra
588 1054 656 1108 ius
681 1060 871 1095 natutae.
1007 1059 1031 1088 2
1049 1074 1062 1096 2
1101 1054 1122 1095 5
1143 1072 1157 1095 2
1196 1054 1282 1092 12,
1319 1054 1344 1084 2
1362 1072 1375 1094 ³
1415 1055 1434 1091 3

334 1114 610 1162 Liberorum
640 1112 849 1161 servitus,
1181 1119 1209 1150 2
1237 1135 1253 1158 ,
1287 1118 1307 1155 5
1330 1135 1345 1157 2
1381 1118 1440 1153 90

338 1168 557 1230 Libertas
590 1176 786 1240 quando
812 1170 925 1234 justa
951 1166 1064 1215 belli
1091 1165 1246 1215 causa.
1283 1181 1309 1210 2
1328 1197 1341 1220 ‚
1363 1181 1439 1221 22,

346 1232 355 1239 “
831 1236 1438 1287 11.&2‚4‚1421‚2

315 1304 553 1362 ‘Libertas
585 1318 683 1367 quo
703 1301 827 1351 sensu
853 1297 1099 1351 naturalis.
1135 1308 1180 1347 2,
1201 1310 1279 1348 22,
1300 1306 1373 1398 ῐζ·
1394 1294 1439 1339 &

345 1362 349 1367 ¹
1152 1373 1172 1408 3
1194 1390 1208 1410 ²
1239 1371 1265 1408 7
1285 1388 1300 1408 2
1373 1386 1388 1407 ι
1423 1371 1437 1399 Ῐ

338 1428 555 1479 Libertas
576 1442 633 1474 an
668 1445 758 1492 pax
792 1428 1001 1490 placeat,
1032 1418 1187 1479 gravis
1209 1417 1442 1464 intetdflm

406 1493 697 1541 deliberatio.
721 1512 746 1540 2
764 1528 776 1546 ‚
798 1511 887 1549 24,
904 1496 928 1532 6
943 1518 957 1538 ,
974 1499 996 1551 ,1
1023 1513 1037 1534 2
1053 1497 1097 1527 2·
1117 1481 1169 1528 &
1189 1495 1305 1553 134·
1328 1496 1399 1553 Ῑῼ,
1417 1498 1440 1528 2

338 1558 571 1610 Libertati
608 1555 896 1616 praeferenda
942 1556 1038 1591 vita
1080 1544 1241 1602 popl-¹1¹
1282 1558 1439 1595 totius.

347 1612 351 1618 '
1011 1622 1068 1659 2,
1099 1622 1191 1663 24,
1224 1617 1251 1654 6
1270 1644 1283 1664 ‚
1319 1626 1345 1656 2
1365 1644 1379 1665 ,
1420 1629 1437 1665 3

341 1680 553 1730 Libertas
578 1678 741 1740 populi
772 1673 885 1738 quid
917 1668 1169 1734 fignificat*
1209 1686 1227 1719 1
1247 1705 1262 1729 2
1280 1691 1299 1728 3
1323 1708 1337 1727 2
1355 1689 1411 1722 12
1432 1710 1445 1731 2

1326 1753 1345 1781 1
1371 1773 1384 1794 ,
1418 1757 1442 1786 2

344 1804 559 1861 Libertas
599 1803 890 1855 subditorum
936 1803 1175 1867 obligatur
1220 1814 1277 1847 ex
1314 1800 1447 1850 sarelo

408 1869 707 1930 superiorum.
1145 1884 1196 1921 3,
1240 1881 1266 1911 2
1285 1899 1298 1921 ,
1335 1884 1358 1912 2
1380 1901 1395 1923 ‚
1428 1884 1446 1914 1

347 1934 561 1983 Libertas
605 1930 818 1983 bellandi
861 1947 962 1978 non
1005 1929 1285 1993 praesumitur
1318 1928 1439 1976 abdi-

409 2010 529 2043 cata.
1069 2004 1253 2048 2,16,
1296 2009 1447 2052 ¹{22

347 2060 564 2123 Libertas
607 2058 773 2104 dicitur
829 2058 1070 2109 dupliciter
1097 2092 1112 2113 ‚
1162 2063 1230 2121 κζ’
1279 2056 1450 2120 cipue-tv

411 2125 482 2185 &i
511 2122 622 2182 w*
649 2122 954 2178 dventu-emm.
985 2140 1037 2177 2,
1069 2138 1129 2169 22
1150 2155 1163 2176 ‚
1201 2139 1259 2170 ιΙ.
1295 2138 1447 2183 oppo-

411 2191 536 2235 nitur
573 2192 772 2252 regibus.
812 2206 864 2243 1,
904 2207 923 2242 3
947 2222 959 2242 ‚
997 2203 1067 2239 13·
1105 2185 1238 2258 vietis
1279 2191 1449 2233 merito

409 2255 569 2311 aliqua
614 2253 891 2314 relinquitur
919 2286 934 2307 ‚
978 2251 1156 2297 etiamn
1201 2251 1446 2311 imperium

410 2315 519 2376 ipsis
548 2316 768 2363 aufertur.
787 2333 805 2366 3
829 2352 841 2370 ‚
865 2331 912 2370 ις
935 2350 947 2370 ,
966 2332 1030 2362 ιο.
1051 2314 1327 2362 restituenda
1342 2330 1445 2362 cum

412 2376 579 2436 iniuste
603 2394 760 2442 erepta
777 2378 859 2434 est,
876 2381 1019 2426 etiarn
1048 2377 1105 2424 ab
1137 2378 1208 2425 his
1234 2378 1312 2439 qui
1341 2394 1444 2426 eim

413 2444 531 2502 justa
575 2445 759 2491 ratione
804 2443 861 2489 ab
903 2441 1192 2504 ereptoribus
1240 2443 1444 2503 capiunt.

416 2522 436 2560 3
461 2541 473 2561 ,
493 2515 547 2551 16
569 2527 644 2565 ,4.
664 2506 793 2554 servo
820 2508 932 2553 data
956 2520 1039 2570 pro
1063 2508 1206 2556 oculo
1233 2509 1281 2555 δε
1311 2506 1449 2554 dente

411 2568 614 2621 excusso,
656 2591 675 2627 3
699 2607 711 2627 ‚
748 2588 829 2631 14,
863 2592 904 2629 4.
955 2571 1150 2619 debetur
1189 2571 1317 2618 servo
1354 2573 1449 2633 post

419 2635 591 2698 longas
617 2651 781 2697 operas
798 2639 845 2684 &
867 2637 1005 2682 valde
1019 2650 1225 2697 magnos
1253 2634 1453 2686 labores.

420 2715 439 2750 3
461 2733 473 2752 ,
515 2715 600 2756 14,
630 2709 673 2749 6.
708 2699 937 2746 libertatis
963 2714 1139 2746 nomen
1167 2700 1319 2746 inanis
1351 2717 1452 2748 um—

410 2758 508 2807 bra.
549 2777 600 2815 1,
639 2780 658 2816 3
687 2798 699 2817 ‚
733 2778 807 2811 21.
846 2762 1109 2809 libertatem
1149 2765 1232 2810 uni
1270 2764 1451 2825 penitus

413 2824 597 2871 tradere
624 2830 821 2887 populus
852 2838 1007 2873 utrum
1033 2825 1188 2889 poffit.
1227 2843 1246 2873 1
1269 2862 1282 2882 ‚
1323 2845 1341 2881 3
1363 2863 1379 2886 ,
1415 2840 1452 2878 8.

416 2903 499 2949 pto
529 2888 744 2937 libertate
768 2894 1150 2952 pugnare,etiam
1167 2907 1272 2939 cum
1294 2891 1455 2948 injuste

416 2952 534 3007 fiat,
569 2955 754 3001 veniam
788 2966 1003 3003 meretur.
1040 2972 1058 3008 3
1081 2990 1094 3011 ,
1120 2972 1205 3013 11,
1242 2965 1285 3009 6.
1319 2955 1451 3005 liber·

419 3030 518 3063 tate
543 3018 637 3064 vita
669 3020 838 3075 potior.
876 3024 972 3066 vide
1005 3021 1129 3068 Vita.

357 3078 570 3136 Libertas
593 3082 755 3130 civilis.
777 3098 796 3128 1
819 3117 832 3139 ,
864 3100 882 3136 3
903 3118 918 3140 ,
940 3099 1013 3132 12.
1051 3083 1115 3131 est
1140 3084 1210 3142 jus
1245 3086 1456 3154 regengiae

421 3159 502 3206 per
530 3145 574 3192 se
601 3147 709 3207 reip.
738 3163 793 3202 2,
817 3162 878 3205 24
897 3183 910 3203 ,
944 3158 985 3194 6.
1020 3145 1117 3195 fine
1146 3147 1331 3196 summo
1367 3151 1449 3198 im-

420 3207 552 3271 perio
574 3211 778 3272 intelligi
804 3227 901 3257 non
927 3211 1093 3275 potest.
1121 3227 1139 3258 1
1162 3247 1175 3266 ,
1196 3231 1215 3267 3
1241 3243 1259 3269 2
1276 3231 1318 3261 2.
1355 3231 1453 3263 non

427 3270 560 3329 iusta.
596 3289 647 3329 1,
687 3291 737 3330 3,
767 3294 810 3333 4.
847 3282 943 3325 Not.
989 3277 1211 3323 naturalis
1249 3277 1365 3327 facit
1400 3297 1456 3327 ne

422 3336 529 3399 quis
554 3350 747 3400 cogatur
771 3338 946 3401 absque
979 3343 1129 3400 culpa.
1169 3357 1194 3388 2
1213 3376 1225 3397 ‚
1259 3357 1315 3397 17
1335 3377 1348 3399 ,
1385 3360 1456 3399 17.

426 3415 532 3463 pars
570 3404 669 3453 ejus
704 3402 887 3451 retineri
921 3405 1069 3467 potest
1095 3438 1109 3460 ,
1144 3421 1241 3452 non
1277 3421 1457 3455 retenta

423 3479 557 3526 parte
581 3466 777 3527 imperii.
818 3483 837 3514 1
857 3489 940 3527 ,4,
968 3485 1037 3529 14.
1065 3469 1207 3516 tacita
1236 3483 1286 3517 ut
1305 3487 1332 3518 a
1355 3474 1456 3532 qui-

425 3527 623 3576 busdam
665 3543 857 3578 vocatur
891 3548 988 3580 non
1033 3533 1209 3596 semper
1241 3536 1460 3585 retinetur

425 3608 454 3639 a
479 3595 657 3656 populo
687 3596 736 3642 in
765 3610 892 3659 reges
916 3600 1259 3661 delinquentes,
1309 3615 1349 3655 1,
1367 3615 1419 3657 35*
1436 3611 1455 3648 8

366 3657 531 3714 Licere
560 3673 644 3727 prio
673 3661 769 3717 jure
797 3674 1008 3714 externe.
1046 3680 1072 3710 2
1089 3698 1102 3719 ,
1120 3678 1205 3719 12,
1227 3672 1286 3710 26
1303 3698 1316 3719 ‚
1334 3679 1375 3713 1.
1411 3669 1455 3713 ὅ(

435 3737 703 3779 3,4‚2,2.
741 3728 789 3772 &
814 3740 914 3788 cap.
952 3743 1039 3783 ro,
1078 3742 1119 3774 1.
1149 3731 1194 3776 ὃ(
1227 3736 1464 3786 §.2,1,2

370 3786 561 3842 Licere,
599 3803 692 3835 vox
714 3786 935 3854 ambigua
958 3807 1072 3855 quas
1099 3789 1469 3855 significationes

433 3849 626 3900 habeat.
1077 3873 1471 3917 3,4‚2‚1‚2

1548 788 1722 831 teriore
1744 785 1820 831 vel
1846 784 2084 832 interiore.
2106 800 2126 836 3
2149 816 2164 840 ,
2181 797 2234 827 10
2251 818 2266 839 ‚
2285 798 2326 830 1.
2341 794 2463 844 quot
2493 798 2605 830 mo-

1547 846 1619 892 dis
1650 847 1844 897 dicatur.
1889 863 1909 902 3
1930 881 1943 905 ‚
1972 866 2030 906 4,
2062 863 2110 897 2.
2134 847 2376 894 interdurn
2406 846 2606 904 dicitur,

1547 907 1625 957 ubi
1659 912 1846 960 nullum
1874 927 2041 959 contra
2071 911 2316 973 proditum
2349 909 2416 960 est
2449 926 2608 961 reme-

1546 972 1694 1022 dium.
1727 992 1754 1022 2
1773 1011 1786 1030 ,
1819 990 1874 1023 12
1895 986 1994 1031 ‚26.
2029 975 2250 1039 quaedam
2279 976 2509 1024 indita-§te
2538 977 2604 1024 li-

1549 1050 1658 1083 cent
1684 1052 1786 1098 quae
1816 1041 1990 1089 discere
2016 1057 2114 1089 non
2144 1041 2308 1089 licent.
2329 1059 2356 1088 2
2377 1075 2390 1094 ,
2417 1056 2468 1095 15
2490 1076 2504 1097 ‚
2523 1055 2540 1087 1
2557 1056 2602 1090 1.

1554 1113 1787 1162 quantum
1831 1106 1970 1152 liceat
2023 1107 2073 1153 in
2106 1104 2239 1153 bello
2272 1105 2447 1168 partim
2480 1106 2608 1154 nude

1553 1164 1818 1225 speetatur,
1848 1171 2021 1230 partim
2048 1186 2106 1220 ex
2141 1167 2375 1232 promisso
2415 1183 2611 1221 antece·

1552 1228 1712 1276 dente.
2350 1251 2372 1288 3
2396 1268 2409 1290 2
2452 1252 2539 1292 19>
2577 1250 2601 1281 1

1494 1289 1664 1338 Limen
1695 1294 1744 1339 δι
1776 1292 1913 1342 limes
1934 1295 2079 1345 idem.
2393 1316 2414 1352 3
2436 1335 2448 1354 ,
2484 1317 2541 1356 9,
2581 1315 2606 1347 1

1496 1356 1713 1403 Limitati
1742 1359 1853 1419 agri.
1895 1376 1954 1416 2,
1982 1379 2001 1414 3
2024 1396 2038 1417 ‚
2065 1369 2150 1418 16,
2171 1374 2214 1411 1.
2254 1366 2302 1411 &
2325 1379 2382 1419 2,
2406 1374 2428 1410 8
2448 1399 2461 1419 ‚
2486 1381 2559 1422 12,
2581 1378 2605 1413 1

1498 1420 1696 1480 Liquida
1727 1436 1804 1476 per
1831 1421 1876 1469 se
1902 1439 2001 1471 non
2030 1426 2359 1476 terminantur.
2414 1445 2471 1484 2,
2497 1447 2523 1476 2
2542 1464 2555 1484 ‚
2582 1446 2605 1483 3

1501 1484 1575 1530 Lis
1604 1484 1756 1546 potest
1782 1487 2003 1550 utrinque
2029 1487 2123 1538 effe
2150 1489 2250 1538 fine
2278 1505 2490 1552 peccatu.
2543 1511 2571 1540 2
2591 1527 2609 1549 ‚

1537 1610 1547 1620 ι
1708 1594 1717 1598 ,
2325 1572 2418 1612 23,
2455 1573 2507 1611 13
2531 1594 2545 1616 a
2581 1574 2606 1612 3

1497 1614 1660 1657 Literae
1696 1617 1890 1665 Marcae.
2406 1638 2424 1673 3
2446 1657 2457 1671 .
2493 1639 2548 1676 22
2579 1640 2612 1679 4·

1500 1688 1575 1735 per
1587 1678 1775 1724 Literas
1801 1680 1923 1727 inter
1945 1679 2160 1732 absentes
2188 1684 2328 1746 pasta
2356 1685 2484 1732 nuda
2511 1701 2612 1748 quo

1563 1740 1661 1796 iure
1689 1742 1966 1799 iudicentur.
2000 1752 2095 1793 vzde
2122 1750 2278 1797 Pasta.

1505 1803 1672 1852 Literis
1703 1805 1818 1855 belli
1852 1809 2156 1858 denunciatio
2190 1812 2293 1860 fieri
2326 1812 2494 1875 potest.
2563 1832 2611 1872 3,

2462 1895 2481 1931 3
2506 1912 2519 1933 ³
2557 1895 2615 1937 1'4

1506 1934 1702 1981 Literati
1743 1941 1928 1998 excepti
1960 1953 1985 1986 a
2013 1939 2427 2002 pignorationibus
2460 1940 2620 1989 subdi-

1563 2011 1722 2046 torum
1751 2017 1834 2059 pro
1860 2005 2050 2050 civitate
2074 2007 2172 2060 iure
2201 2006 2342 2054 civili.
2414 2023 2433 2058 3
2456 2041 2470 2061 2
2504 2024 2531 2054 2
2549 2042 2562 2063 ‚
2584 2022 2616 2063 7

1504 2060 1635 2108 Lites
1661 2064 1915 2117 Christiani
1954 2069 2153 2131 quidam
2189 2070 2332 2131 plane
2369 2070 2618 2130 improba·

1569 2139 1694 2178 runt,
1714 2143 1732 2174 1
1756 2164 1770 2184 ‚
1789 2147 1833 2186 2,
1851 2149 1892 2184 9.
1913 2148 2083 2181 omnes
2111 2148 2170 2179 an
2198 2135 2307 2197 lege
2335 2137 2618 2198 euangelica

1562 2192 1825 2250 prohibitae.
1850 2211 1867 2240 1
1891 2231 1904 2252 ,
1933 2214 1990 2253 2,
2020 2208 2062 2246 8.
2099 2199 2332 2245 damnum
2360 2201 2508 2247 etiam
2542 2203 2620 2248 in-

1560 2253 1729 2312 justum
1765 2257 1886 2306 ferre
1925 2264 2048 2322 prius
2087 2276 2308 2321 oportet,
2343 2279 2490 2326 quam
2521 2266 2622 2312 liti—

1565 2333 1689 2378 gare.
1722 2336 1747 2366 2
1764 2357 1776 2376 ,
1795 2338 1813 2368 1
1834 2358 1846 2377 ,
1866 2340 1940 2377 13.
1959 2326 2066 2373 lites
2097 2328 2205 2384 juris
2238 2327 2528 2376 controverfi
2558 2345 2618 2378 ex

1559 2387 1758 2447 utraque
1784 2402 1916 2447 parte
1945 2405 2044 2436 uon
2072 2389 2177 2438 sunt
2215 2390 2458 2454 improbae.
2558 2412 2585 2440 2
2605 2427 2624 2450 ,

1552 2508 1560 2517 ‚
1591 2509 1602 2519 Ὀ
2426 2472 2482 2511 ²3
2508 2492 2521 2513 ,
2559 2474 2617 2514 13

1513 2512 1718 2572 thlgaxe
1748 2514 2024 2566 Christianis
2052 2532 2150 2581 quo
2168 2519 2300 2567 sensu
2317 2521 2532 2574 vetitum.
2575 2539 2622 2582 1,

1550 2639 1558 2648 ·
1940 2587 2623 2649 2,8,4.&2‚24,2‚4

1513 2641 1663 2684 Littus
1694 2654 1914 2701 quotum.
2305 2664 2360 2705 2,
2402 2666 2422 2703 3
2449 2685 2462 2704 ,
2497 2671 2555 2705 9,
2585 2669 2614 2701 2

1511 2706 1639 2749 Loca
1667 2704 1716 2750 in
1742 2706 1847 2753 solo
1876 2724 2045 2770 pacato
2072 2709 2224 2773 posita
2251 2727 2349 2775 quo
2376 2713 2481 2761 casu
2496 2717 2624 2764 reste

1569 2781 1856 2830 occupentur
1880 2788 1906 2818 a
1932 2773 2161 2825 bellante.
2297 2793 2324 2825 2
2341 2812 2354 2833 ‚
2372 2795 2396 2825 2
2417 2812 2433 2833 ‚
2470 2795 2526 2825 10
2543 2815 2558 2836 ,
2597 2795 2619 2829 1

1511 2835 1699 2879 Locans
1753 2837 1957 2895 pluribus
2000 2852 2199 2901 operam
2243 2855 2305 2890 an
2352 2857 2379 2888 a
2423 2840 2626 2905 singulis

1573 2899 1841 2947 mercedem
1886 2903 1935 2949 in
1980 2901 2186 2953 solidum
2228 2906 2420 2967 exigere
2462 2907 2628 2967 possit.

2338 2986 2366 3019 2
2385 3004 2401 3027 ‚
2440 2987 2531 3029 12,
2569 2989 2627 3027 19

1517 3026 1744 3083 Locutio,
1779 3027 2035 3076 condufi’rio
2064 3030 2193 3079 fasta
2221 3046 2248 3078 a
2284 3049 2396 3099 rege
2418 3034 2518 3084 fine
2541 3053 2630 3085 ex-

1574 3088 1720 3151 pressa
1748 3093 1965 3139 mercede
1992 3109 2050 3140 an
2080 3097 2254 3144 valeat.
2294 3114 2350 3157 2,
2375 3115 2457 3158 14,
2493 3117 2537 3155 5.
2577 3104 2628 3151 in

1573 3156 1818 3203 locatione
1834 3191 1847 3212 ‚
1866 3158 2203 3216 conduffione,
2220 3163 2346 3209 casus
2361 3164 2469 3226 ‚qui
2492 3169 2628 3216 usum

1573 3219 1837 3281 impediunt
1851 3255 1867 3278 ‚
1887 3223 2067 3270 damno
2082 3223 2183 3272 sunt
2205 3227 2526 3278 condu&oris.
2565 3249 2593 3278 2
2610 3266 2626 3286 ‚

2443 3309 2501 3343 12
2570 3305 2628 3343 18

1518 3349 1793 3397 Locationis
1815 3351 1864 3397 δε
1895 3351 2230 3404 εουάυδὶίοῑιίε
2255 3369 2439 3408 natura.
2476 3330 2533 3415 εἰ
2554 3375 2630 3416 12,

1709 3453 1716 3460 .
2567 3433 2626 3470 18

1517 3480 1727 3527 Locator
1754 3475 1896 3525 terrio
1924 3494 2022 3527 rem
2048 3482 2217 3532 locans
2234 3485 2634 3540 ‚condu&orite·

1579 3555 1713 3590 netur
1740 3543 1800 3590 de
1827 3558 1886 3589 eo
1910 3544 2042 3606 quod
2067 3550 2278 3610 percipit.
2522 3555 2630 3601 ibid.

1517 3611 1726 3654 Locator
1751 3622 1906 3670 operae
1931 3609 1991 3657 ad
2020 3613 2134 3674 quid
2161 3627 2391 3667 teneatur.
2450 3632 2509 3672 2,
2547 3631 2630 3674 12,

2570 3697 2629 3736 19

1518 3739 1731 3782 Locator
1758 3736 1829 3793 ius
1854 3735 1999 3785 habet
2024 3739 2269 3805 exigendae
2285 3742 2486 3807 pecuniae
2516 3759 2636 3805 pro-

1580 3797 1725 3846 miffae
1742 3834 1755 3856 ‚
1774 3801 1955 3852 etiamst
1981 3804 2103 3853 nihil
2127 3810 2386 3858 canduetot
2408 3807 2635 3859 utilitatis

1587 3878 1647 3911 ex
1676 3879 1733 3910 ea
1762 3880 1809 3911 re
1834 3869 2104 3930 perceperit.
2381 3887 2440 3925 2,
2464 3886 2547 3929 12,
2575 3887 2633 3923 ιε

373 3916 537 3964 Licere
560 3916 779 3977 quaedam
801 3916 1159 3982 dicuntur,quae
1187 3923 1355 3971 restius
1383 3926 1468 3972 ali·
1526 3930 1866 3989 Locupletatus
1911 3948 1970 3979 ex
2015 3949 2064 3981 re
2105 3935 2256 3981 aliena
2284 3967 2299 3989 ‚
2340 3948 2535 3984 eatenus
2572 3941 2640 3988 ad

434 3993 505 4027 ter
523 3981 658 4029 fiunt.
699 4001 719 4037 3
741 4002 801 4043 ,4
818 4000 871 4041 ‚2
888 4019 901 4041 ‚
919 4001 955 4035 1.
985 3989 1034 4036 &
1051 4000 1147 4051 cap.
1167 4002 1239 4043 10,
1260 4003 1303 4042 r,
1323 4003 1365 4044 1,
1383 4005 1430 4045 2,
1450 4004 1463 4035 x

374 4044 539 4098 Licere
570 4048 790 4112 quaedam
835 4050 1050 4111 dicuntur
1073 4085 1091 4112 ,
1120 4050 1184 4101 ob
1220 4053 1472 4117 impunita-

1588 3992 1935 4048 restitutionem
1957 4012 2170 4057 tenetur,
2184 4001 2236 4049 &
2264 4012 2426 4061 quare.
2464 4017 2490 4047 2
2511 4034 2525 4057 ‚
2544 4019 2604 4048 10
2621 4038 2641 4059 ,

1656 4127 1882 4189 Cccc4
