3182 5113
912 443 1058 533 *404
1503 442 1574 512 L
1622 443 1658 515 Ι
1707 443 1767 514 Β
1813 443 1880 516 Ε
1929 448 2010 520 R
2107 449 2195 523 II.
2375 471 2939 544 §.xxanxnn

904 576 1087 663 minus
1116 574 1354 632 debetur
1377 619 1392 646 ‚
1426 574 1466 633 fi
1494 578 1582 647 ius
1615 583 1869 639 naturale
1902 583 2243 658 spet‘t'emu'S,
2272 590 2573 655 secundum
2598 618 2661 656 ea
2690 618 2808 674 quae
2842 596 2911 655 de

904 669 988 709 rer
1018 653 1209 709 alrenae
1240 666 1574 726 acceptione
1612 668 1668 715 78
1704 657 1862 732 supra
1893 661 2136 721 diximus
2162 684 2174 720 :
2221 681 2346 724 nam
2379 669 2432 725 δί
2471 672 2584 730 fine
2615 678 2725 734 ulla
2756 674 2909 732 causa

906 728 1230 801 promiffum
1263 731 1590 788 naturaliter
1622 733 1941 793 deberetur.
1989 740 2101 798 Sed
2129 742 2222 798 hic
2255 758 2488 818 quoque
2520 749 2779 808 damnum
2812 769 2908 825 per

903 804 1284 863 extorsionem
1315 804 1505 863 datum
1526 849 1541 877 ‚
1563 821 1657 864 aut
1689 811 2030 884 inaequalitas
2065 818 2122 874 in
2162 824 2449 878 contiaetu
2480 828 2786 899 reparanda
2817 846 2911 884 ve-

908 883 1070 938 nient
1093 925 1109 950 ‚
1151 879 1454 939 secundum
1493 885 1789 944 tradendas
1816 891 2045 949 inferius
2075 895 2246 968 legeS.

918 994 920 996 -
971 961 1070 1016 XI.
1114 957 1357 1044 Modum
1394 963 1766 1042 promittendi
1811 968 1969 1038 quod
2027 973 2262 1041 attinet,
2321 975 2398 1045 is,
2463 988 2525 1034 ut
2566 977 2635 1035 de
2677 979 2910 1038 dominii

908 1035 1275 1095 translatione
1307 1036 1547 1094 diximus
1569 1081 1584 1107 ,
1630 1041 1866 1112 reqUirit
1895 1047 2078 1103 astum
2109 1060 2408 1107 externum
2432 1096 2449 1121 ‚
2493 1052 2547 1109 id
2581 1057 2659 1113 est
2697 1056 2909 1131 iignum

910 1111 1186 1170 sufficiens
1212 1113 1519 1170 voluntatis
1545 1158 1559 1183 ,
1583 1118 1747 1187 quale
1770 1117 2053 1179 interdum
2082 1124 2191 1181 effe
2213 1127 2400 1201 potest
2425 1139 2592 1187 nutus
2611 1176 2625 1199 ‚
2652 1132 2907 1206 frequen·

913 1192 1022 1246 tius
1056 1196 1241 1241 autem
1276 1206 1394 1244 vox
1427 1200 1523 1249 aut
1561 1190 1754 1249 literae,
2680 1229 2682 1231 ·

990 1264 1110 1319 XII.
1153 1261 1264 1318 Sed
1295 1263 1346 1319 ἃ
1382 1283 1483 1339 per
1516 1267 1809 1327 hominem
1844 1272 2078 1332 alterum
2110 1275 2226 1351 (ii)
2258 1281 2571 1354 obligamur
2591 1327 2605 1352 ‚
2626 1282 2665 1340 fi
2698 1283 2912 1341 constet

916 1340 984 1397 de
1013 1336 1310 1395 voluntate
1349 1342 1533 1398 nostra
1565 1361 1678 1415 qua
1710 1345 1864 1405 illum
1904 1352 2272 1425 elegerimus,
2314 1371 2347 1404 ¹1
2381 1368 2443 1414 ut
2486 1359 2913 1417 instrumentum

908 1415 1153 1499 nostrum
1186 1414 1255 1471 ad
1290 1418 1403 1474 hoc
1436 1417 1757 1503 speciatim,
1798 1438 1895 1483 aut
1927 1426 2022 1484 sub
2056 1430 2304 1502 generali
2334 1434 2591 1491 notione.
2665 1438 2739 1494 Et
2766 1452 2824 1495 79
2857 1438 2916 1493 in
2937 1486 2942 1496 ,,

905 1490 1153 1565 generali
1186 1494 1585 1566 praepofitlone
1623 1498 1878 1555 accidere
1913 1505 2129 1574 potest,
2172 1517 2234 1561 ut
2265 1522 2370 1564 nos
2405 1510 2623 1584 obliget
2655 1513 2752 1585 qui
2783 1530 2914 1586 prae-

906 1565 1121 1652 politus
1155 1566 1233 1620 est
1256 1610 1273 1634 ,
1316 1567 1539 1651 agen-do
1571 1582 1770 1628 contra
1812 1586 1869 1624 80
1909 1578 2261 1637 voluntatem
2299 1585 2540 1641 nostram
2579 1588 2679 1644 sibi
2716 1587 2816 1641 soli
2854 1587 2918 1643 fi-

906 1641 1259 1715 gmficatam:
1305 1658 1436 1714 quia·
1465 1642 1558 1697 hic
1600 1657 1652 1691 81
1691 1647 1927 1705 distineti
1964 1651 2089 1707 sunt
2126 1656 2277 1711 astu-s
2318 1660 2570 1715 volendi.
2616 1677 2756 1716 unus
2797 1679 2917 1733 quo

899 1734 1008 1773 nos
1043 1717 1359 1790 obligamus
1391 1728 1571 1774 ratum
1609 1720 1901 1780 habituros
1949 1728 2221 1800 quiequid
2265 1731 2361 1786 ille
2401 1735 2457 1788 in
2510 1733 2607 1789 tali
2654 1739 2916 1808 negotio-

901 1810 1031 1852 rum
1067 1809 1275 1867 genere
1319 1792 1549 1862 fecerit,
1594 1793 1767 1866 alter,
1812 1815 1929 1872 quo
1965 1802 2124 1857 illum
2160 1804 2325 1859 nobis
2356 1807 2669 1880 obligamus
2701 1822 2762 1865 ut
2796 1813 2914 1869 non

904 1880 1036 1943 agat
1065 1869 1165 1925 nisi
1197 1886 1267 1937 ex
1298 1868 1618 1943 praescripto
1641 1915 1658 1940 ,
1702 1872 1800 1929 fibi
1849 1891 1968 1932 non
1998 1877 2116 1933 aliis
2157 1879 2410 1949 cognito.
2492 1881 2666 1960 Quod
2715 1898 2916 1943 notan·

905 1946 1044 2002 dum
1082 1945 1159 2001 est
1196 1960 1229 1992 o
1264 1946 1332 2001 acl
1362 1962 1425 2001 ea
1449 1991 1463 2015 ‚
1510 1961 1635 2017 quae
1671 1951 1875 2021 Legati
1903 1953 2243 2024 promittunt
2283 1970 2388 2026 pro
2444 1957 2699 2030 Regibus
2743 1979 2816 2018 ex
2856 1964 2914 2019 vi

900 2021 1251 2078 instrumenti
1282 2022 1653 2096 procura-torii
1678 2068 1693 2092 ‚
1735 2026 2068 2084 excedendo
2101 2045 2297 2086 arcana
2329 2031 2609 2088 mandata

976 2098 1369 2170 XIIIsAtque
1402 2099 1551 2154 hine
1577 2100 1744 2156 etiam
1783 2101 2025 2177 intelligi
2069 2105 2256 2177 potest
2309 2119 2365 2154 82
2413 2110 2808 2167 exereito'riam
2855 2113 2910 2169 δε

896 2186 951 2227 83
994 2172 1354 2241 institoriam,
1398 2192 1519 2246 quae
1551 2183 1610 2228 84
1642 2192 1758 2233 non
1800 2188 1911 2234 tam
1946 2181 2189 2237 astiones
2233 2179 2359 2238 sunt
2409 2201 2574 2255 quam
2614 2186 2913 2260 qualitates

892 2250 1216 2322 afflonum,
1257 2249 1380 2324 ipso
1412 2251 1651 2308 naturali
1699 2253 1821 2322 jure
1867 2255 1991 2313 niti.
2068 2256 2471 2328 Adjiciendum
2518 2261 2625 2318 hic'
2653 2261 2730 2317 est
2767 2266 2910 2331 male

2698 2339 2910 2407 Rom-‚a-

1202 2506 1248 2552 G
1284 2508 1321 2551 R
1357 2508 1398 2552 0*
1426 2516 1463 2554 'r
1501 2510 1521 2554 1'
1560 2516 1608 2553 1.
1911 2501 2019 2560 ibus
2045 2501 2161 2558 dero
2187 2515 2336 2559 'amus
2364 2506 2597 2560 mandato
2628 2510 2856 2576 generali.

1995 2587 2045 2623 81
2085 2524 2304 2633 Disqinffi
2327 2575 2435 2633 fiant
2464 2576 2623 2636 astus]
2688 2580 2805 2623 Duae
2836 2572 2907 2620 di·

965 2643 998 2678 n
1032 2631 1094 2679 Ut
1132 2629 1458 2690 instrumentum
1499 2630 1720 2693 nostrum]
1785 2636 1886 2684 Ser·
1931 2634 2066 2685 vetsae
2095 2652 2146 2683 ac
2172 2638 2413 2687 discordes
2430 2636 2801 2700 significationes
2820 2649 2904 2681 vo-

903 2695 1003 2740 vius
1032 2695 1092 2740 ad
1119 2692 1239 2740 illud
1264 2694 1504 2740 AEneidos
1534 2711 1606 2742 rx.
1639 2697 1755 2745 vers.
1773 2708 1878 2750 361.
1932 2701 2153 2747 luntatis.

901 2753 1106 2818 Hcffizio
1137 2773 1230 2802 eum
1250 2756 1454 2818 jungeret
1479 2759 1657 2821 ahsson,
1697 2763 1780 2826 ‘per
1809 2766 1877 2806 in·
1996 2774 2051 2811 82
2087 2763 2450 2819 Exercitoriam]
2482 2766 2591 2823 Qua
2614 2763 2665 2806 in
2693 2755 2903 2816 solidum

899 2823 1138 2866 ternantios
1171 2822 1254 2867 ait.
1271 2819 1380 2867 vide
1408 2836 1512 2884 quae
1539 2821 1679 2888 supra
1716 2824 1774 2873 ad
1804 2838 1876 2870 ca·
1931 2837 2125 2873 tenetur
2153 2826 2391 2872 exercitor-
2421 2828 2549 2870 navis
2579 2835 2636 2866 ex
2653 2822 2902 2869 conttafitu

894 2895 986 2947 put
1018 2895 1089 2929 VI·
1127 2881 1173 2940 Φ,
1202 2899 1247 2928 2·
1932 2887 2306 2952 magistriquem
2320 2881 2711 2954 naviprazposuit‚
2732 2898 2904 2947 quem·-

959 2960 991 2990 ο
1024 2942 1102 2992 Ad
1128 2962 1182 2990 ea
1212 2960 1299 3007 que,
1323 2944 1460 3008 legati
1487 2951 1750 3011 promittunt
1790 2963 1871 3013 pro
1931 2966 2027 3015 que
2065 2948 2286 3007 magistet
2322 2959 2430 2991 nam
2495 2942 2728 3008 imposuit
2767 2946 2813 3007 ᾗ.
2858 2963 2903 2993 2.

890 3008 1063 3070 regibw‘
1082 3023 1136 3053 ex
1171 3013 1222 3052 vi
1258 3008 1532 3065 instrumenti
1576 3015 1872 3073 proc-aratorii
1930 3013 2081 3061 lnstit.
2116 3005 2246 3068 Quod
2277 3023 2373 3052 cum
2401 3022 2446 3053 eo
2472 3011 2546 3070 qai
2572 3013 2618 3053 in
2655 3010 2828 3056 aliena.

888 3068 1127 3117 excedendo
1183 3088 1358 3116 arcana
1412 3073 1670 3132 mandata]
1747 3075 1870 3119 vide
1992 3084 2043 3123 83
2083 3071 2383 3128 Institor—iam]
2432 3074 2552 3131 Qae
2578 3072 2627 3116 in
2654 3073 2908 3120 contre-istm

889 3135 1177 3196 exemplum
1217 3134 1344 3198 apud
1374 3135 1652 3182 Marianam
1678 3147 1830 3180 xxvxx-
1853 3164 1871 3189 ‚
1928 3135 2027 3189 eius
2055 3136 2139 3195 qui
2165 3128 2445 3194 praerpofitus
2470 3131 2536 3178 est
2582 3132 2789 3180 tabernas
2822 3148 2907 3182 aut

891 3211 968 3247 19·
1053 3196 1203 3242 Aliud
1280 3198 1407 3258 apud
1492 3192 1868 3243 Guicciardinum
1906 3192 2096 3248 ,mensae
2122 3195 2263 3241 aliive
2292 3196 2533 3257 negotio,
2566 3195 2706 3242 datur
2748 3197 2909 3246 advet-

895 3262 1046 3306 Tom.
1087 3273 1130 3305 1.
1927 3256 2000 3305 sus
2029 3270 2394 3321 praeponentem
2422 3259 2472 3304 in
2500 3256 2732 3305 solidum.

1992 3333 2051 3376 84
2087 3324 2188 3368 Non
2215 3332 2311 3365 tam
2336 3319 2529 3368 ustiones
2545 3323 2689 3383 sunt]
2744 3322 2911 3370 Αέῖὶὶο-

1119 3386 1165 3431 G
1198 3394 1234 3430 R
1268 3393 1304 3430 0
1340 3395 1379 3431 N
1413 3393 1447 3431 ο
1482 3396 1516 3433 v
1552 3399 1572 3431 1
1619 3399 1661 3431 1.
1904 3392 2047 3431 'num
2071 3383 2249 3447 species
2275 3381 2911 3447 distinstaea-condistione,

1904 3428 2033 3511 ,lquae
2059 3447 2198 3495 datur
2225 3446 2276 3491 in
2303 3444 2589 3512 dominum,
2612 3449 2761 3510 Qod
2789 3447 2909 3508 jussu

1904 3507 2028 3570 ‘ejus
2079 3525 2194 3559 cum
2244 3504 2380 3556 servo
2443 3510 2749 3558 contrastum
2797 3511 2911 3570 est-;

1925 3589 2074 3638 quam
2104 3573 2247 3631 hujus
2273 3572 2332 3618 ad
2371 3585 2498 3620 certa
2536 3587 2715 3637 genera
2752 3571 2916 3625 servo-

1906 3653 2037 3686 rum
2067 3635 2491 3685 accommodatio-

951 3548 1009 3594 73
1047 3535 1194 3600 Supra
1219 3530 1447 3591 diximus]
1493 3537 1617 3597 Cap.
1647 3527 1854 3596 ptaeced.

893 3613 1032 3648 num.
1067 3614 1146 3645 11.
1173 3599 1221 3644 &
1257 3613 1330 3645 12.

958 3679 1017 3719 79
1052 3665 1102 3709 In
1129 3663 1330 3724 generali
1348 3658 1671 3725 praepositione]
1722 3658 1768 3706 Si
1800 3658 1879 3705 cui

902 3721 1175 3772 dederimus
1193 3722 1480 3771 mandatum
1497 3720 1722 3787 generale
1737 3721 1875 3786 quod

906 3784 967 3828 ad
991 3788 1215 3834 notitiam
1240 3785 1487 3851 publicam
1517 3785 1766 3851 pervenire
1795 3800 1875 3849 pa·
1905 3837 1909 3851 ‚
1990 3783 2080 3848 (ii)
2099 3780 2288 3833 Confer
2318 3788 2546 3833 PUFEN
2563 3792 2679 3830 DOR
2698 3794 2761 3831 ΕΙ
2779 3792 2907 3834 um,

908 3847 1076 3892 timus.
1905 3848 2004 3895 {De
2047 3849 2167 3909 Jure
2203 3849 2318 3893 Nat·
2366 3844 2423 3897 &⁴
2466 3849 2604 3898 Gent.
2654 3844 2764 3896 Lib.
2807 3856 2909 3890 111.

976 3920 1033 3956 80
1078 3910 1354 3959 Voluntatem
1396 3912 1588 3974 nostram
1624 3909 1713 3969 fibi
1749 3910 1871 3969 fhli]
1932 3915 2056 3978 Cap.
2083 3930 2129 3969 9.
2162 3911 2228 3973 J.
2253 3910 2312 3961 Β.
2358 3911 2369 3917 „

905 3971 1003 4025 ,Vel
1028 3970 1181 4023 verbis
1218 3976 1292 4023 vel
1321 3973 1496 4039 scripto
1522 3990 1694 4026 arcano
1711 4007 1728 4033 ,
1763 3976 1871 4040 qui·
1908 3978 1919 4069 ἱ

2741 4032 2909 4081 Gno-
