3182 5113
301 453 381 542 §2
404 461 480 516 v.

518 775 1027 831 GRoNo-vxr.

344 909 402 955 43
438 900 515 946 An
546 898 620 946 ubi
650 902 743 950 tale
770 898 1024 948 mandatum
1056 917 1138 948 non
1168 900 1256 962 est,

268 956 475 1016 sufficiat
506 980 660 1026 quoque
700 964 950 1023 conjeelura
984 967 1255 1022 voluntatis]

287 1024 473 1071 Auster
495 1024 713 1074 absolute
736 1042 905 1090 negat:
940 1045 1041 1076 non
1074 1030 1260 1075 videtur

285 1098 448 1135 nutem
466 1093 670 1141 omniuo
696 1092 989 1154 negandum,
1005 1092 1086 1138 sed
1100 1090 1261 1137 distin-

282 1151 530 1210 guendum
547 1155 670 1200 inter
684 1154 868 1215 bellum
884 1152 1263 1218 propulsandum

285 1214 335 1256 &
363 1213 693 1268 inferendum:
728 1232 842 1262 nam
912 1218 993 1263 uin
1021 1214 1263 1284 praefestus

282 1277 537 1334 provinciae
554 1311 570 1335 ‚
588 1276 851 1340 praesertim
892 1296 909 1324 1
937 1277 982 1324 ei
1012 1276 1153 1325 iubfit
1180 1278 1264 1324 ali·

285 1350 382 1398 qua
419 1353 591 1385 manus
630 1340 851 1387 militaris
877 1377 895 1402 ‚
952 1353 1006 1388 ut
1046 1337 1170 1386 solet
1213 1342 1261 1386 in

283 1401 546 1470 provinciis
568 1400 833 1449 limitaneis
851 1438 867 1464 ,
903 1405 974 1461 jus
1000 1402 1201 1462 habeat,
1229 1401 1263 1450 fi

270 1474 312 1512 a
325 1462 550 1511 finitimis
577 1465 851 1528 praefectura
875 1469 976 1527 ejus
1001 1470 1045 1517 vi
1070 1466 1263 1513 invada-

282 1540 381 1587 tur,
399 1525 494 1574 fine
511 1525 711 1591 speciali·
736 1530 987 1592 mandate,
1004 1527 1261 1586 refistendi‚

284 1591 334 1636 &
360 1592 406 1636 vi
431 1604 613 1637 armata
635 1592 735 1638 vim
762 1607 998 1643 armatam
1023 1609 1073 1641 re
1108 1594 1259 1641 ellen-

281 1650 367 1705 di,
402 1651 611 1701 dubitari
642 1657 833 1719 nequit.
877 1658 969 1705 Sed
995 1656 1031 1704 fi
1094 1659 1260 1704 nitimi

279 1716 403 1762 citra
442 1714 625 1764 bellum
666 1716 860 1766 hostilia
898 1734 1098 1783 parent,
1145 1734 1261 1785 puta

282 1778 498 1841 legatos,
532 1795 618 1827 aut
646 1785 1007 1843 negotiatores,
1051 1796 1135 1831 aut
1172 1784 1264 1830 alia

282 1840 344 1891 de
367 1840 498 1889 causa
537 1844 663 1907 apud
704 1844 752 1891 le
789 1843 1154 1894 commorantes
1192 1848 1262 1893 in-

280 1908 461 1952 noxios
492 1906 728 1967 vinciant,
763 1907 992 1968 injuriave
1023 1908 1263 1967 afficiant,

283 1978 368 2012 aut
426 1984 537 2014 cum
584 1969 799 2018 hostibus
847 1971 1007 2019 foedus
1048 1973 1258 2033 feriant,

282 2027 572 2094 bellumque
598 2036 872 2093 minentur,
905 2033 1128 2096 praefedw
1144 2041 1258 2082 Pro—

280 2094 444 2140 vinciae
462 2110 696 2156 occupare
720 2096 832 2140 illos
852 2098 898 2140 ὃ(
915 2098 1042 2142 ultro
1072 2096 1256 2140 bellum

281 2154 459 2200 inferre
517 2171 617 2203 non
679 2156 896 2202 videtur÷
928 2154 1203 2203 concessum
1234 2191 1251 2216 ,

278 2218 562 2280 priusquam
590 2218 648 2264 de
690 2217 763 2264 his
803 2217 942 2266 rebus
989 2222 1256 2283 principem

279 2290 364 2326 aut
392 2280 636 2343 populum
665 2278 807 2328 suum
827 2282 1090 2341 docuerit,
1126 2284 1172 2328 ὅ(
1196 2279 1255 2326 ab

279 2355 344 2388 eo
375 2343 493 2404 quid
533 2341 810 2388 faciendum
839 2342 923 2395 fit,
971 2345 1256 2389 mandatum

277 2405 532 2465 acceperit.
566 2405 714 2449 Ratio
742 2403 808 2449 est
831 2404 1047 2451 evidens:
1067 2419 1181 2450 nam
1208 2405 1259 2449 in

279 2467 442 2527 priore
464 2462 569 2513 casir
610 2466 882 2529 periculum
918 2464 1112 2530 praesens
1152 2480 1256 2512 mo-

278 2543 382 2577 ram
413 2543 514 2576 non
542 2531 744 2592 patitur:
776 2530 841 2575 ÷&
876 2530 1100 2593 generale
1126 2544 1258 2577 man-

282 2592 451 2639 datum
478 2593 793 2641 custodiendae
821 2597 968 2654 partis
992 2593 1079 2641 fibi
1122 2609 1259 2641 com-

281 2654 427 2702 miffae
469 2655 656 2703 videtur
696 2658 845 2702 etiarn
901 2657 1146 2705 includere
1186 2659 1258 2717 jus

272 2720 447 2766 'omnis
490 2717 711 2766 honestae·
736 2721 937 2767 rationis
964 2756 981 2781 ,
1031 2721 1128 2768 fine
1162 2736 1259 2783 qua

278 2781 488 2829 custodia
518 2780 715 2847 praestari
729 2784 917 2844 nequit.
951 2785 1024 2833 Sic
1054 2789 1106 2833 L.
1124 2786 1260 2831 Pina-

279 2847 406 2902 rius,
440 2861 595 2910 quum
620 2845 891 2904 Ennenses,
922 2847 1008 2895 ubi
1037 2850 1083 2893 in
1110 2847 1256 2909 praefi-

282 2909 366 2956 dio
394 2913 579 2957 locatus
611 2921 740 2965 erat,
788 2910 912 2974 paffi
940 2925 1050 2957 cum
1074 2912 1256 2959 Himil-

278 2988 402 3021 cone
431 2978 583 3021 Poeno
617 2971 677 3019 de
706 2973 988 3035 proditione
1029 2972 1222 3035 praefidii
1240 3008 1255 3035 ‚

278 3038 430 3085 claves
459 3048 709 3100 portarum
740 3035 797 3083 ab
821 3051 882 3083 eo
909 3034 1188 3101 posterent‚
1208 3038 1255 3083 ὃ(

322 3117 440 3147 uum
467 3113 790 3162 necarentur,
836 3103 937 3149 vim
979 3099 1148 3148 facturi
1188 3100 1252 3146 es·

280 3116 410 3222 pent,
464 3137 584 3209 caeiis
620 3161 942 3223 turbulentis,
988 3175 1066 3209 aut
1100 3164 1250 3222 malo,

275 3226 440 3288 inquit
463 3228 652 3284 Livius,
688 3239 767 3271 aut
794 3228 1018 3286 neceffario
1050 3228 1254 3284 facinore

278 3286 476 3352 oppidum
507 3289 960 3353 retinuit:additque
990 3289 1252 3336 Claudium

276 3352 560 3400 Marcellum
590 3356 944 3413 Imperatorem
970 3366 1055 3397 nec
1074 3350 1257 3399 fastum

278 3415 594 3476 improbasse,
642 3415 926 3476 &praedam
966 3414 1256 3463 Ennenlium

278 3479 431 3525 militi
479 3474 749 3526 conceffisse
792 3476 873 3523 lib.
915 3494 1003 3535 24,
1043 3495 1116 3530 29.
1180 3481 1254 3527 Sic

276 3544 458 3589 Ancius
484 3543 645 3588 Gallus
673 3553 843 3605 praetor
869 3541 1043 3601 Illyrici
1071 3540 1256 3590 bellum

276 3620 379 3651 non
406 3606 656 3653 decretum
700 3603 830 3668 gessit
873 3603 1088 3652 adversus
1131 3611 1257 3652 Gen-

280 3669 408 3714 tium
449 3675 651 3731 Regem.
717 3674 823 3715 Hoc
866 3683 1019 3715 unum
1069 3669 1256 3717 bellum

953 439 1510 515 CAPUT
1590 447 1749 519 ΙΙΙ.

368 569 424 641 3'.
463 570 609 632 Illud
641 574 816 650 magis
851 572 1310 654 controversum,
1351 589 1424 656 4³.
1446 590 1515 630 an
1549 576 1646 631 ubi
1678 551 1792 631 {ale
1827 578 2151 636 mandatum

2185 595 2306 635 non

2187 657 2304 726 est,

1314 775 1483 834 confilio
1509 792 1641 842 quam
1668 781 1803 823 armIs
1826 783 2020 844 experiri
2045 782 2312 843 sapientem
2352 827 2359 830 .

1315 841 1464 889 decet:
1496 856 1613 888 nam
1637 854 1729 887 nec
1759 844 1808 888 in
1838 859 1935 890 uno
1967 846 2184 890 alterove
2209 842 2305 907 pri·

1314 917 1428 951 vato
1463 902 1581 960 laeso
1609 901 1856 952 summum
1885 908 2157 967 periculum
2198 905 2306 952 adit

1317 967 1637 1030 Respublica:
1673 969 1721 1014 ὅ(
1749 969 1909 1032 potest
1936 968 2037 1017 fieri
2057 1006 2072 1031 ‚
2124 984 2193 1018 ut’
2212 970 2304 1035 qui

1317 1030 1627 1077 offenderunt
1647 1067 1660 1092 ‚
1697 1033 1901 1078 meliora
1929 1032 2061 1080 doffi
2089 1032 2190 1080 ”avi
2220 1033 2307 1078 ab·

1318 1091 1555 1154 stineanr,
1591 1095 1639 1141 δε
1662 1095 1807 1143 rebus
1843 1100 2070 1158 repetitis
2112 1097 2302 1143 facCtum

1317 1168 1548 1218 purgent,
1594 1163 1881 1222 priusquam
1907 1158 1965 1204 ad
2008 1159 2191 1206 bellum
2227 1174 2305 1205 ve—

1316 1219 1485 1266 niatur.
1526 1227 1614 1270 <Et
1641 1224 1692 1270 in
1721 1222 1809 1269 hac
1843 1218 1977 1269 causa
2007 1218 2099 1269 effe
2123 1221 2301 1281 judica-

1317 1280 1426 1327 bant
1456 1282 1691 1345 Caesarem'
1717 1290 1845 1332 Cato
1887 1286 1934 1331 ἃ
1972 1286 2088 1343 alii,
2141 1298 2302 1348 quum

1314 1356 1426 1391 eum
1448 1347 1723 1395 dedendum
1752 1349 2006 1395 Germanis
2035 1346 2299 1394 censerent:

1318 1405 1440 1454 bella
1482 1412 1612 1457 enim
1660 1426 1718 1457 ex
1764 1410 1904 1458 bellis
1947 1410 2149 1458 serendo
2193 1409 2295 1457 fine

1316 1471 1599 1520 auetoritate
1646 1477 1821 1538 populi
1865 1478 2140 1531 Romani-.,
2191 1490 2295 1520 non

1314 1535 1567 1596 provinciae
1621 1536 1927 1585 securitatem
1959 1573 1975 1597 ‚
2036 1536 2119 1584 sed
2159 1535 2297 1593 suam

1313 1597 1517 1659 gloriam
1551 1615 1755 1664 quaerere
1782 1600 2050 1649 videbatur.
2198 1648 2200 1651 ,

1378 1664 1423 1706 N
1430 1675 1480 1708 ec
1508 1677 1615 1709 vero
1641 1667 1740 1726 Jure
1784 1664 1975 1711 videtur
1997 1664 2183 1710 Αιιθεοι·
2228 1676 2302 1708 re-

1312 1722 1607 1785 prehendere
1647 1727 1883 1786 judicium
1913 1728 2167 1773 Ciceronis
2196 1729 2299 1774 lau·

1312 1786 1471 1834 dantis
1496 1789 1752 1836 octavium
1794 1792 1842 1835 &
1883 1795 2120 1848 Brutum,
2155 1789 2296 1850 quod

1313 1851 1503 1913 privato
1541 1852 1741 1900 consilio
1768 1867 1900 1898 arma
1935 1854 1984 1897 in
2014 1858 2296 1900 Antonium

1314 1927 1554 1976 ceperant.
1588 1916 1723 1962 Dicit
1752 1914 1834 1960 ille
1862 1914 2065 1979 quidem
2097 1922 2298 1962 Senarus

1348 1978 1585 2042 opulique
1637 1978 1868 2031 iudicium
1912 1977 2170 2041 exspectari
2217 1978 2301 2024 de-

1311 1990 1494 2099 buisse,
1529 2039 1821 2088 diffimulare
1862 2037 2080 2096 faetum,
2128 2056 2189 2088 an
2229 2042 2303 2088 ul-

1310 2098 1418 2145 cisci
1460 2103 1609 2147 vellet
1637 2136 1651 2155 ,
1698 2101 1874 2147 deinde
1913 2104 2303 2163 permittendam.

1308 2162 1503 2206 Senatui
1541 2165 1838 2224 populoque
1876 2162 2295 2215 deliberationem

1308 2216 1447 2268 fuisse
1466 2255 1481 2282 ,
1502 2236 1587 2283 per
1615 2238 1741 2286 quos
1769 2224 2078 2288 potissimum
2108 2230 2160 2275 id
2190 2229 2298 2276 bel-

1311 2286 1415 2331 lum
1439 2286 1537 2346 geri
1564 2288 1767 2333 vellent.
1833 2294 1942 2335 Haec
1969 2290 2126 2350 κᾶε,
2167 2291 2202 2337 fi
2229 2292 2300 2338 se-

1309 2358 1449 2390 natus
1477 2358 1576 2391 erat
1608 2346 1756 2405 liber,
1792 2346 1827 2395 fi
1862 2366 1935 2398 res
1969 2350 2159 2399 ferebat
2184 2370 2305 2401 mo-

1309 2420 1442 2477 ram,
1475 2405 1508 2451 fi
1537 2414 1733 2457 Senatus
1758 2414 2031 2478 populique
2056 2411 2297 2475 judicium

1314 2470 1561 2533 interponi
1586 2474 1859 2532 patiebatur
1883 2481 2142 2526 Antonius.
2183 2480 2293 2540 Sed,

1315 2544 1366 2579 ut
1397 2546 1507 2579 vere
1534 2535 1604 2581 ait
1637 2536 1856 2598 Vellejus‚
1873 2540 2069 2603 torpebat
2096 2544 2289 2606 oppreffa

1312 2595 1605 2643 dominatione
1633 2603 1820 2646 Antonii
1853 2606 2029 2649 civitas.
2050 2604 2131 2650 lib.
2154 2623 2199 2664 2,
2218 2622 2234 2651 1
2249 2623 2267 2651 1
2282 2640 2296 2653 .

1311 2666 1367 2706 Et
1390 2659 1475 2705 -hic
1501 2661 1780 2710 inconsulto
1798 2673 1975 2713 Senatu
2005 2671 2301 2732 populoque

1314 2737 1531 2768 moverat
1560 2739 1693 2772 arma
1715 2729 1765 2774 in
1795 2733 2032 2790 Brutum,
2067 2733 2303 2778 Galliam-

1312 2799 1404 2848 que
1432 2786 1702 2834 invadendo
1744 2792 1949 2839 eandem
1992 2797 2151 2848 viam,
2199 2810 2297 2860 qua

1309 2849 1457 2914 Julius
1486 2862 1587 2895 erat
1629 2849 1769 2911 usus,
1819 2852 1902 2900 sibi
1948 2857 2201 2909 muniebat
2236 2857 2297 2906 ad
2371 2860 2373 2862 ’

1312 2911 1625 2972 tyrannidem.
1678 2916 2009 2978 Indigniffima
2038 2935 2151 2966 vero
2179 2937 2297 2968 con-

1310 2977 1430 3022 ditio
1459 2974 1524 3021 est
1556 2973 1831 3039 bonorum,
1867 2979 1900 3025 fi
1933 2980 1981 3027 hi
2011 2982 2301 3045 adstringan-

1313 3052 1387 3085 tur
1418 3035 1693 3085 solennibus
1726 3075 1742 3100 ‚
1802 3055 1891 3087 nec
1931 3042 2109 3105 poffmt
2152 3062 2292 3109 agere

1309 3101 1603 3167 quidquam,
1649 3101 1733 3149 nifi
1759 3105 1851 3150 rite
1887 3106 1935 3151 ὅς
1967 3109 2168 3164 ordine,
2210 3114 2296 3156 >in-

1310 3178 1439 3212 terea
1468 3165 1580 3211 dum
1609 3168 1777 3217 omnia
1810 3166 1972 3213 divina
2002 3171 2049 3220 ὃς
2079 3171 2293 3221 humana

1313 3226 1586 3292 perturbant
1620 3230 1752 3276 mali.
1819 3231 1865 3277 Si
1891 3228 2081 3280 senatus
2121 3235 2168 3281 δε
2210 3252 2301 3299 po-

1316 3293 1418 3356 puli
1463 3292 1693 3345 iudicium
1735 3290 2039 3356 exspectasset
2091 3302 2301 3359 Brutus,

1314 3358 1515 3419 perierat
1561 3352 1659 3418 ipse
1706 3356 1753 3401 ἃ
1795 3357 1985 3420 Gallia,
2032 3374 2304 3425 antequam

1313 3425 1528 3466 Romam
1585 3418 1860 3482 quidquam
1924 3427 2306 3474 renunciaretur.

1283 3476 1286 3481 ’
1314 3489 1423 3530 Erat
1453 3482 1500 3527 id
1530 3493 1723 3545 tempus
1758 3498 1861 3546 quo
1902 3499 2018 3531 vere
2065 3487 2303 3537 monebat

1316 3551 1514 3592 Brutum
1546 3545 1694 3593 Cicero
1720 3545 1805 3593 lib,
1832 3565 1878 3596 ι.
1917 3548 2114 3612 epist.7.
2153 3555 2299 3606 Caput

1313 3622 1454 3653 cautem
1496 3607 1552 3666 est
1599 3607 1706 3669 hoc,
1751 3610 1865 3669 quod
1897 3624 1938 3657 te
1975 3612 2298 3676 diligentjffime

1306 3674 1524 3733 percipere
1552 3667 1609 3719 ΕΒΔ
1634 3676 1866 3735 meminisse
1891 3677 2027 3721 velim
2046 3712 2060 3735 ‚
2096 3693 2143 3725 ut
2172 3699 2222 3727 ne
2248 3685 2295 3727 in

277 3734 411 3794 prius
441 3745 795 3795 perpetratum,
844 3747 996 3803 quam
1036 3748 1254 3793 coeptum
1314 3735 1513 3781 libertate
1552 3733 1608 3783 ἓν
1631 3740 1786 3795 salute
1830 3740 1995 3803 Populi
2028 3740 2094 3786 R.
2139 3745 2301 3801 conser-

277 3803 448 3847 Romae
492 3796 716 3843 auditum
759 3794 853 3854 est,
902 3797 1062 3859 inquit
1099 3800 1259 3846 Livius

278 3877 368 3917 44,
408 3874 480 3911 32-
517 3858 563 3904 ὃς
591 3872 755 3907 tamen
793 3860 987 3906 nemine
1017 3862 1255 3909 contradi»

1283 3897 1287 3905 .
1311 3860 1497 3907 nondum
1526 3865 1671 3911 liberi.

1312 3796 1468 3843 venda
1513 3802 1827 3848 auctoritatem
1863 3807 2049 3861 senatus
2088 3808 2299 3871 exspeffes

1739 3871 1799 3913 Et
1824 3881 1940 3913 mox
1961 3882 1973 3910 :
2006 3869 2297 3930 volunta-‹so-

277 3934 417 3970 cente
451 3920 602 3967 vietor
634 3923 966 3987 triumphavit.
1015 3928 1068 3969 In
1102 3928 1255 3973 altero
1282 3907 1287 3975 i
1310 3938 1437 3971 natus
1470 3938 1549 3988 pro
1574 3929 1841 3977 auHoritate
1875 3930 2026 3978 haberi
2063 3930 2179 3979 dehet
2203 3952 2299 3981 cvm

277 3984 384 4039 casu
410 3986 533 4037 valet
563 3985 687 4038 illud
705 3989 900 4039 Ten-'mii
914 4003 931 4035 0·
951 3988 1114 4040 Omnia
1134 3996 1258 4057 prius
1283 3982 1554 4085 {santientes
1596 3992 1835 4062 impeditur
1872 4009 2001 4044 metu.
2075 4001 2297 4046 'Pertinet

1429 4057 1462 4102 F
1497 4069 1520 4110 3
2185 4061 2282 4110 huc
