3182 5113
1141 486 1773 554 INDEX,

321 586 560 640 societatis
585 586 766 639 bellicae
797 583 978 636 divifio.
1099 649 1111 659 ·
1132 599 1189 641 2,.
1218 600 1236 632 1
1250 606 1291 643 ς,
1312 596 1354 639 6,
1389 602 1445 643 κς

318 655 556 708 SocIetatis
624 652 854 718 appetitus
925 650 1110 699 homini
1188 653 1411 713 propriu&

372 725 491 768 Prol.
527 737 616 779 pass.
648 739 689 770 7.
721 722 788 779 jus
827 732 933 763 cum
965 716 1322 777 quibuscunque
1355 731 1412 761 an

372 787 619 834 amittatur
663 782 980 831 dereliCtione.
1030 798 1089 835 z,
1125 802 1179 838 4,
1223 796 1292 835 15.
1347 797 1409 828 re—

371 850 550 913 spestus
598 848 919 914 minorvapud
967 859 1214 899 naturam,
1270 862 1443 920 quana⁴

371 918 567 975 propriae
594 914 762 961 salutis.
794 926 836 959 2.
874 924 920 968 1,
952 931 998 969 4.
1035 913 1162 967 cujus
1188 913 1339 972 gratia
1371 927 1417 956 in

372 978 645 1025 societatem
706 976 889 1024 co'itum
938 976 1000 1023 est
1027 1012 1039 1032 ,

372 1042 577 1102 partibus
628 1042 713 1088 (uis
774 1055 955 1088 tenetur
1008 1037 1295 1088 conservare.
1362 1057 1417 1095 2,

1515 601 1604 637 ms,
2383 602 2430 647 2,
2444 610 2488 651 2,
2508 606 2573 653 17

1458 653 1641 701 solutio
1674 650 1805 702 utin
1847 658 2031 701 certum
2070 658 2262 713 tempus
2303 648 2574 715 differatur,

1522 722 1588 774 jus
1616 718 1679 766 est
1727 717 2016 767 aestimabile.
2054 733 2101 773 2,
2122 733 2200 772 12,
2237 732 2313 765 20.
2345 732 2451 767 cum
2477 720 2573 785 ‹iif-

1526 783 1667 832 fertur
1685 820 1697 840 ,
1739 785 1858 833 lucri
1885 782 2108 833 cessantis
2139 782 2263 829 ratio
2280 780 2443 830 haberi
2469 785 2591 845 pot-'

1520 847 1602 898 est.
1652 849 1703 905 2,'
1732 866 1805 909 η,
1838 867 1910 909 ¹4·
1943 850 2100 897 minus
2127 846 2269 895 solvit
2289 884 2303 902 ‚
2345 848 2427 912 qui
2455 860 2584 898 tem-

1524 927 1635 973 pore
1665 916 1817 964 minus
1850 916 2006 966 solvit.
2328 930 2373 970 2,
2408 927 2480 970 12,
2516 930 2578 962 20

1120 974 1164 1019 id
1222 978 1418 1036 populus
1464 982 1649 1027 Sorores
1677 980 1795 1030 duas
1824 981 1992 1030 ducere
2034 980 2158 1029 olim
2199 980 2401 1030 licitum.
2438 995 2486 1035 2,
2524 994 2583 1038 5,

2433 1060 2513 1099 14,
2553 1062 2586 1093 z

1310 1111 1354 1156 6,
1392 1121 1410 1155 3
1463 1108 1597 1151 Sorte
1641 1109 1842 1168 amplius
1867 1111 2065 1174 quando
2103 1108 2285 1175 aliquid
2320 1110 2453 1158 licite
2479 1109 2585 1156 exi-

310 1166 360 1216 in
393 1170 627 1217 societate
654 1183 809 1233 partes
836 1170 1035 1234 aequales
1062 1164 1311 1228 quomodo
1343 1166 1411 1211 in·

376 1234 670 1296 telligendae.

311 1297 469 1408 Sogius
496 1299 673 1347 socium
700 1314 868 1362 cogere
901 1294 1050 1360 potest
1072 1330 1086 1352 ,
1116 1308 1165 1341 ut
1201 1294 1286 1340 stet
1316 1296 1410 1342 foe·

400 1378 478 1411 en.

1123 1374 1164 1413 1,
1203 1374 1247 1414 3,
1277 1376 1354 1416 24,
1391 1378 1409 1413 5
1462 1362 1607 1408 Sor-tis
1637 1362 1738 1410 usus
1763 1368 1823 1413 ad
1849 1364 1978 1414 bella
2014 1371 2223 1420 vitanda.

1528 1170 1576 1228 gi
1606 1170 1760 1230 poffit.
2325 1193 2372 1233 2,
2413 1192 2486 1228 12,
2518 1190 2582 1222 22

1116 1244 1254 1286 2‚12‚
1280 1246 1355 1280 21,
1395 1247 1408 1275 1
1465 1236 1596 1277 Sorte
1635 1232 1819 1285 bellum
1845 1240 1967 1288 finiri
2005 1240 2174 1303 potest.
2203 1258 2250 1297 2,
2281 1258 2360 1297 23,
2396 1252 2437 1287 8.
2471 1240 2583 1299 (1οὶ·-

1519 1294 1601 1343 bus
1629 1298 1825 1351 casibus,
2343 1323 2387 1361 3,
2413 1323 2489 1359 ιο,
2513 1320 2580 1371 42

2328 1389 2375 1425 2,
2406 1387 2486 1424 23,
2522 1384 2583 1416 10

306 1426 468 1472 socius
501 1428 603 1487 quis
628 1427 674 1474 in
707 1428 852 1476 bello.
889 1422 932 1480 ³⁴,
969 1440 1044 1481 17,
1065 1438 1102 1474 3.
1134 1431 1230 1469 Not.
1261 1437 1303 1472 3.
1334 1422 1408 1468 de·
1460 1429 1648 1484 Spartae.
1686 1434 1783 1476 vide
1815 1432 2146 1481 Lacedaemon.

364 1490 560 1539 fendere
600 1493 775 1541 socium
819 1490 984 1552 quibus
1020 1482 1166 1531 causis
1204 1498 1302 1532 ¹10¹]
1330 1502 1404 1533 co-

369 1570 522 1617 gatur.
553 1562 647 1603 vide
675 1558 933 1606 Auxilium.

304 1619 426 1666 Socii
471 1620 603 1669 sociis
641 1625 739 1678 jure
779 1614 971 1663 reddere
992 1610 1192 1667 debent,
1237 1612 1271 1661 fi
1308 1613 1406 1662 sub—

369 1682 454 1729 diti
488 1686 551 1730 lui
578 1684 860 1729 accusentur.
1115 1685 1210 1728 Not.
1230 1698 1274 1735 4.
1304 1684 1403 1727 ibid.

301 1747 424 1790 Socii
449 1744 770 1798 defendendi,
798 1740 1010 1802 quando.
1192 1758 1236 1798 2,
1266 1758 1344 1801 ις,
1378 1767 1406 1804 4

303 1806 425 1853 Socii
452 1806 532 1866 qui
559 1805 652 1851 fint
676 1809 731 1851 in
762 1806 863 1860 jure
903 1801 1195 1864 postliminii.
1253 1824 1273 1860 3
1298 1845 1311 1864 ‚
1344 1828 1371 1863 9
1390 1844 1402 1864 ,

1294 1889 1339 1928 2,
1383 1889 1400 1918 1

300 1931 427 1980 Socii
452 1930 648 1994 quando
694 1941 874 1993 partem
908 1930 1109 1981 habeant
1146 1933 1193 1981 in
1232 1936 1398 1996 praeda.

1145 2015 1188 2055 3,
1208 2008 1250 2054 6,
1270 2016 1346 2059 24,
1380 2018 1406 2047 2

304 2059 453 2108 Sociis
482 2059 622 2106 illata
666 2059 733 2107 vis
782 2058 975 2122 quando
999 2075 1166 2123 pacem
1197 2079 1401 2125 rumpat.

1160 2142 1178 2177 3
1232 2143 1290 2174 20

306 2188 431 2234 Socii
466 2187 515 2235 in
548 2185 679 2234 bello
710 2187 881 2248 iniusto
916 2189 973 2234 de
1011 2161 1201 2236 damnis,
1237 2144 1403 2241 reneis}

366 2266 471 2307 tur,
529 2251 767 2301 interdum
823 2257 871 2301 &
907 2253 1054 2315 puniri
1084 2252 1287 2309 poffunt.
1344 2275 1402 2313 3,

1295 2336 1338 2377 1,
1378 2340 1395 2376 3

303 2380 428 2427 Socii
452 2384 784 2427 Romanorum
812 2381 973 2442 quales
1000 2380 1188 2431 fuerint.
1221 2401 1266 2439 3,
1300 2403 1343 2440 3,
1374 2407 1402 2443 4

302 2443 352 2488 in
374 2444 635 2491 solitudine
661 2443 802 2491 cessat
833 2445 1072 2502 iudicium.
1208 2464 1248 2502 1,
1291 2466 1332 2501 3,
1372 2468 1396 2496 2

302 2508 449 2555 sociis
489 2508 693 2555 hostium
744 2508 922 2555 bellum
972 2522 1030 2553 an
1092 2508 1148 2556 fit
1186 2511 1394 2560 indicen—

365 2572 493 2622 dum.
526 2591 568 2627 3,
610 2591 656 2627 3,
704 2591 749 2625 9.
780 2576 876 2631 ejus
896 2609 910 2630 ,
935 2589 1042 2620 cum
1069 2588 1164 2635 quo
1192 2592 1284 2639 pax
1314 2579 1394 2626 ini-

359 2649 440 2692 ta,
486 2635 846 2696 rebellantibus,
882 2653 941 2684 an
984 2652 1118 2700 rupta
1158 2656 1251 2701 pax
1292 2657 1399 2690 cen-

352 2699 531 2757 seatur,
564 2715 606 2756 3,
638 2717 716 2757 20,
742 2719 816 2754 29.
850 2703 897 2750 in
913 2701 1073 2758 sociis,
1103 2705 1184 2764 qui
1212 2709 1262 2751 in
1290 2723 1408 2769 pace
1441 2710 1649 2759 Σπονδαὶ
1673 2715 1805 2774 quid.

356 2764 681 2823 comprehensi
743 2766 878 2820 sunt,
924 2781 1014 2827 pax
1059 2769 1316 2829 rumpitur,
1368 2771 1397 2818 fi

357 2828 655 2876 invadantur.
704 2843 758 2881 3,
812 2844 900 2883 20,
943 2846 1019 2883 32.
1051 2829 1259 2880 hostium
1303 2848 1400 2897 quo

356 2893 456 2949 iure
482 2906 626 2949 poena
648 2904 931 2941 exerceatur.
1237 2915 1280 2953 3,
1300 2914 1346 2954 1,
1372 2918 1390 2954 3

301 2955 543 3003 Sociorum
600 2955 670 3011 {us
713 2955 929 3017 proxime
987 2958 1168 3005 accedit
1217 2963 1276 3009 ad
1325 2967 1397 3024 jus

356 3017 661 3066 subditorum.
698 3037 742 3074 2,
778 3035 857 3074 25,
890 3039 938 3077 4.
983 3023 1045 3069 ad
1078 3036 1197 3085 quos
1231 3041 1395 3076 eorum

363 3096 456 3142 pax
483 3080 601 3127 inita
627 3083 867 3143 pertineat.
1165 3106 1206 3145 3,
1226 3108 1303 3148 20,
1339 3109 1389 3147 33

268 3199 274 3203 ,
299 3145 543 3195 Sociorum
568 3147 884 3197 controvcrfiae
926 3149 1118 3208 iudicari
1146 3160 1396 3214 quomodo

362 3208 559 3257 soleant.
1050 3233 1092 3272 1,
1120 3235 1163 3272 3,
1190 3236 1268 3276 21,
1296 3240 1342 3279 4,
1370 3233 1393 3269 6

304 3273 545 3324 Sociorum
573 3288 600 3320 a
638 3274 769 3323 sociis
808 3277 1134 3340 opprefforum
1159 3289 1394 3346 exempla.

1099 3359 1141 3401 1,
1179 3362 1311 3407 3‚21‚
1342 3367 1400 3398 10

303 3401 550 3451 Sociorum
588 3395 785 3462 plurium
830 3407 933 3471 quiS
974 3409 1300 3470 ptaeferendus.
1339 3432 1362 3462 2
1386 3432 1428 3507 ,ἱ

1124 3488 1391 3536 15213‚1‚3
1451 3483 1725 3545 sponsionis
1769 3489 2058 3537 Lustatianae
2113 3491 2444 3538 controveifia.

302 3527 546 3578 Sociorum
579 3530 772 3579 nomine
806 3550 866 3583 an
906 3537 1044 3584 futuri
1082 3553 1291 3592 venant.
1344 3561 1370 3593 2
1392 3581 1404 3601 ‚

1104 3619 1177 3658 10,
1200 3621 1272 3661 13,
1297 3623 1340 3662 r,

305 3654 467 3703 Socios
499 3655 549 3701 in
582 3656 764 3706 foedere
795 3678 891 3711 non
938 3665 1220 3714 nominatos
1264 3673 1372 3731 adju

364 3735 470 3767 vare
501 3734 603 3768 non
641 3721 706 3769 est
738 3739 897 3776 contra
938 3730 1114 3780 foedus.
1158 3736 1256 3782 ibid.
1300 3745 1395 3787 Not.

301 3845 568 3896 Sollicitare
596 3848 798 3900 subditos
824 3856 997 3905 alienos
1043 3874 1142 3908 non
1188 3865 1314 3915 licet.
1358 3883 1399 3923 ς,

305 3975 421 4022 Solo
456 3975 618 4024 cedere
663 3981 899 4045 plantata,
949 3987 1127 4036 consita
1171 3995 1220 4041 8<
1255 3997 1390 4042 :edifi-

368 4054 504 4092 cata,
539 4058 639 4089 non
673 4045 735 4091 est
771 4052 873 4105 juris
908 4058 1143 4103 naturalis.
1184 4075 1227 4114 2,
1259 4069 1280 4105 8

293 4106 476 4155 'Solum
504 4106 736 4161 incultum
770 4128 828 4163 an
860 4119 1217 4174 concedendum
1248 4139 1394 4174 exter·

1458 1492 1683 1551 specialia
1731 1495 1999 1543 efficaciora
2036 1491 2351 1558 generalibus.
2397 1516 2442 1557 2,
2498 1508 2581 1554 16,

2433 1582 2510 1620 29,
2552 1580 2578 1614 t

1453 1624 1636 1681 Species
1669 1639 1777 1685 pars
1805 1624 2085 1675 substantiae.
2315 1646 2360 1685 2,
2392 1638 2578 1686 8219,z

1451 1689 1633 1745 Species
1658 1692 1823 1751 populi
1864 1690 2118 1753 quomodo
2146 1692 2362 1742 tollatur.
2405 1710 2449 1749 2,
2482 1702 2579 1750 9‚5

1449 1753 1665 1811 Species,
1709 1755 1757 1800 id
1787 1755 1883 1811 est,
1925 1755 2094 1804 formae
2135 1758 2292 1818 plures
2333 1758 2469 1804 unius
2492 1759 2570 1805 rei

1503 1816 1781 1867 artificialis.
2289 1839 2335 1877 Ζ,
2367 1838 2414 1877 92
2453 1832 2476 1867 8
2498 1858 2511 1878 ι
2551 1839 2581 1870 z

1448 1881 1628 1941 Species
1662 1881 1821 1930 interit
1849 1918 1863 1938 ,
1910 1882 2092 1931 sublata
2140 1898 2220 1932 aut
2278 1888 2446 1940 omni,
2495 1900 2579 1933 aut

1507 1945 1715 2005 perfecta
1741 1948 1852 2006 juris
1881 1949 2251 1998 communitate.
2407 1966 2514 2007 2‚9‚
2546 1961 2577 1998 6

1447 2009 1810 2070 specificatione
1845 2026 1907 2058 an
1942 2027 2011 2060 res
2051 2014 2374 2074 acquirantur.
2425 2029 2471 2069 2,
2511 2026 2532 2061 8
2558 2052 2575 2080 ³

2409 2092 2481 2133 19,
2516 2097 2540 2126 2
2561 2095 2583 2125 Ι

1447 2136 1820 2198 specificationis
1856 2143 1927 2198 ius
1961 2141 2176 2188 naturale
2205 2141 2351 2202 quale
2381 2140 2457 2188 fir.
2512 2160 2535 2190 2
2557 2179 2572 2200 ‚

2430 2213 2475 2262 8,
2515 2224 2573 2261 19

1446 2267 1556 2324 Spes
1604 2266 1721 2313 lucri
1773 2266 1969 2329 quando
2019 2267 2181 2315 veniat
2225 2268 2276 2315 in
2311 2270 2579 2332 restituti07

1507 2343 1636 2378 nem·
2268 2348 2318 2388 2>
2349 2350 2423 2390 17>
2460 2352 2505 2391 5,
2544 2353 2566 2390 3

1448 2392 1638 2451 Spiritus
1663 2428 1675 2449 ,
1706 2394 1754 2440 id
1790 2393 1885 2450 est,
1922 2394 2099 2446 forma.
2294 2413 2338 2452 2,
2375 2417 2420 2455 9,
2458 2416 2502 2454 3,
2545 2415 2569 2446 t

1446 2457 1606 2517 Spolia
1641 2456 1765 2505 hosti
1802 2460 2015 2507 detracta
2048 2472 2254 2524 quotum
2277 2460 2383 2511 fint.
2426 2479 2446 2514 3
2471 2498 2484 2518 ,
2522 2471 2571 2519 6,

2434 2542 2515 2584 η,
2540 2545 2574 2577 2

1447 2584 1658 2643 Spoliare
1692 2585 1878 2635 hostem
1913 2588 2027 2639 licet
2074 2592 2175 2649 jure
2219 2590 2449 2653 gentium.
2503 2611 2524 2647 3
2550 2626 2568 2648 .

2461 2676 2508 2712 5,
2542 2676 2568 2709 ἴ

2271 2735 2319 2775 2>
2360 2737 2433 2778 15²
2469 2734 2513 2774 6³
2550 2717 2573 2769 i

1447 2778 1644 2836 Sponfio
1673 2779 1805 2839 quid.
2304 2801 2351 2841 2,
2378 2803 2455 2843 15,
2475 2804 2519 2843 3,
2547 2802 2570 2834 t

1446 2839 1644 2900 sponfio
1686 2845 1970 2907 quotuplex.
2009 2856 2057 2902 2,
2107 2859 2183 2901 ῖς,
2230 2861 2302 2902 17.
2345 2851 2406 2897 ad
2442 2851 2566 2899 nihil

1507 2904 1696 2968 obligat
1722 2923 1859 2965 eum,
1887 2910 1969 2972 qui
2007 2910 2247 2958 summum
2284 2911 2428 2961 habet
2475 2918 2571 2966 im-

1508 2968 1709 3029 perium.
1756 2989 1813 3028 2,
1847 2989 1922 3029 15,
1973 2982 2047 3023 16.
2079 2973 2165 3021 nist
2192 2976 2351 3026 tacite.
2392 2996 2434 3034 3,
2472 2998 2565 3039 24,

1509 3041 1554 3079 6.
1593 3038 1667 3081 vel
1706 3050 1764 3082 ex
1793 3038 1965 3085 notitia
1995 3040 2046 3087 &
2079 3037 2288 3090 filentio.
2322 3058 2367 3097 2,
2389 3060 2462 3101 15,
2485 3063 2561 3103 17,

1504 3096 1693 3158 publi0a
1723 3114 1841 3160 quas.
1876 3116 2017 3156 2‚15‚
2050 3120 2095 3154 3.
2129 3107 2383 3164 quomodo
2430 3125 2455 3155 a
2484 3111 2557 3156 fe·

1508 3161 1617 3208 dete
1645 3162 1849 3214 differat,
2128 3172 2223 3216 ibid.
2257 3172 2302 3217 «Sc
2331 3188 2371 3225 2,
2397 3189 2469 3228 15,
2506 3185 2563 3222 16

1446 3225 1646 3286 sponfio
1681 3245 1740 3276 an
1778 3245 1836 3279 ex
1872 3228 2047 3280 notitia
2084 3237 2134 3281 ὃς
2165 3233 2353 3282 filentio
2398 3252 2556 3300 regem

1510 3305 1586 3339 aut
1618 3296 1847 3354 populum
1871 3295 2069 3358 obliget.
2244 3315 2288 3353 2,
2322 3316 2394 3354 15,
2436 3320 2508 3356 17,
2533 3319 2554 3348 1

1446 3353 1717 3415 sponsionis
1751 3360 1980 3407 Caudinae
2014 3364 2063 3410 δε
2103 3364 2414 3410 Numantina:
2443 3381 2562 3411 con-

1506 3420 1747 3476 troversia,
2148 3445 2193 3482 z,
2239 3442 2308 3480 ις,
2347 3438 2419 3483 16,
2459 3446 2498 3485 τ,
2534 3447 2560 3477 z

2498 3509 2554 3546 2,

2310 3571 2357 3610 15
2401 3589 2413 3609 2
2458 3572 2552 3611 17>

1373 3627 1395 3656 2
1450 3613 1768 3675 sponsionum
1815 3631 1931 3680 quot
1977 3617 2068 3667 srnt
2115 3621 2331 3667 materia·¹
2384 3635 2426 3670 2,
2473 3634 2550 3673 ῖς,

1515 3694 1587 3735 15.
1619 3680 1848 3744 sponsoris
1877 3684 2129 3744 petleulum
2172 3682 2443 3731 milerabile.
2490 3701 2551 3742 34

2411 3760 2488 3802 13,
2537 3785 2553 3803 9

1289 3818 1335 3858 2,
1373 3821 1392 3857 3
1449 3809 1703 3868 Sponsores
1737 3811 1792 3858 ad
1827 3810 1937 3869 quid
1975 3823 2248 3861 teneantur,
2296 3808 2330 3854 fi
2366 3811 2553 3869 impro-

1505 3870 1638 3921 betur
1667 3875 1861 3938 sponsio.
2215 3888 2259 3927 2,
2301 3889 2375 3929 15,
2409 3883 2484 3929 16,
2527 3894 2547 3928 3

1264 3947 1304 3985 Ι,
1341 3949 1394 3978 21
1445 3938 1705 3997 Sponsores
1752 3952 1966 3986 tenentur
2011 3942 2057 3985 in
2100 3936 2176 3992 id,
2229 3940 2358 3997 quod
2397 3952 2546 3985 mter-

1507 4002 1586 4053 C'st.
2272 4019 2415 4060 2215>
2449 4021 2494 4060 3>
2527 4023 2546 4058 3

1292 4094 1303 4114 5
1339 4078 1393 4108 22
1447 4068 1728 4126 sponsorum
1773 4066 1898 4115 bona
1934 4064 2106 4125 adid,
2151 4071 2283 4130 quod
2327 4069 2546 4124 interest,

1503 4131 1736 4194 obligata.

1513 4202 1720 4250 Eeeea

2205 4148 2266 4191 2,
2303 4149 2379 4191 ῖς,
2416 4144 2488 4185 16,
2525 4151 2542 4186 3

2438 4203 2554 4265 Spu-
