3182 5113
443 435 961 555 §.xxvtssxxm
1168 461 1235 534 C
1274 464 1339 537 A
1386 466 1447 538 Ρ
1495 466 1572 541 U
1614 471 1685 544 T
1785 475 2001 552 XVI.
2279 473 2429 592 507

515 597 565 636 2.
609 582 983 645 Certiffimum
1013 588 1278 655 indicium
1302 599 1412 669 est,
1437 617 1500 659 94
1530 603 1568 660 fi
1599 624 1715 680 quo
1748 609 1871 668 casu
1902 612 2057 690 sequi
2079 620 2249 680 verba
2280 625 2444 688 illici.

439 665 554 714 tum
595 659 762 732 effet,
808 664 862 721 id
894 665 1000 736 est,
1041 680 1295 744 pugnans·
1333 692 1459 732 cum
1494 684 1830 744 naturalibus
1871 704 1966 748 aut
1996 693 2197 756 divinis
2227 718 2434 776 praece-

434 733 560 803 ptis.
645 740 802 795 Talia
828 742 1012 810 enIm,
1055 761 1110 799 95
1152 766 1278 806 cum
1312 751 1674 826 obligationis
1718 768 1940 835 capacia
1968 786 2082 829 non
2123 775 2258 848 fint,
2304 787 2420 842 exj-

430 811 628 867 menda
660 813 780 871 sunt
812 819 1130 878 necessario.
1213 826 1507 905 Quadam
1530 875 1543 898 ,
1603 834 1678 888 ait
1728 839 2102 915 Quintilianus
2148 869 2181 898 a
2211 870 2372 928 pater
2392 907 2408 932 ‚
2458 870 2491 900 ⁶
2514 858 2649 911 120⁶!-

425 887 635 961 etiamst
666 894 817 947 nulla
839 894 1230 975 figmficatione
1247 901 1395 980 'Iegis
1427 909 1786 984 comprehensa
1800 911 1946 986 fint,
1991 935 2196 983 natura
2222 945 2410 995 tamen
2426 931 2534 977 3¹5·

404 967 770 1036 excipiuntur.
851 974 935 1028 Ita
970 975 1065 1046 qui
1090 977 1341 1049 promisit
1376 980 1689 1056 depositum
1720 989 1966 1063 gladium
1990 999 2223 1062 reddere
2244 1052 2258 1078 ‚
2296 1030 2414 1073 non

420 1036 619 1094 reddet
646 1042 882 1115 furenti,
925 1065 997 1104 ne
1027 1063 1124 1108 aut
1154 1054 1251 1127 ipsi
1295 1058 1604 1127 periculum
1639 1076 1826 1135 creet,
1866 1080 1960 1127 aut
1998 1074 2115 1132 aliis
2153 1078 2419 1148 innocen-

419 1110 582 1168 tibus,
616 1118 718 1174 ‘'Sic
749 1137 853 1179 nec
883 1123 1148 1185 reddetur
1176 1140 1263 1186 res
1298 1130 1550 1204 deposita
1574 1139 1660 1206 ei,
1688 1144 1786 1213 qui
1824 1143 2121 1220 deposuit:
2158 1166 2217 1207 96
2248 1160 2287 1216 fi
2317 1164 2416 1221 do-

415 1186 598 1244 minus
630 1207 751 1250 eam
796 1210 1028 1271 repetat.
1110 1205 1304 1275 Probo,
1366 1208 1548 1281 inquit
1584 1212 1608 1258 b
1642 1216 2050 1291 Tryphoninus
2075 1271 2087 1286 ,
2142 1230 2286 1290 hanc
2322 1243 2415 1312 effe
2461 1248 2554 1301 bL.
2583 1258 2695 1310 bona

408 1260 718 1335 justitiam,
757 1290 865 1345 qua
898 1275 1061 1343 suum
1095 1286 1280 1355 cuique
1320 1287 1403 1336 ita
1448 1287 1671 1356 tribuit,
1724 1306 1790 1348 ut
1825 1318 1934 1353 non
1970 1302 2306 1379 abstrahatur
2337 1311 2693 1397 abfide⁵·33’-·D·

415 1337 570 1393 ullius
591 1344 812 1414 persbnae
835 1349 1050 1422 justiore
1080 1361 1399 1427 repetitione.
1479 1363 1656 1421 Ratio
1711 1370 1822 1439 est,
1866 1377 2025 1447 quia,
2067 1398 2127 1442 97
2168 1400 2232 1444 ut
2268 1390 2401 1449 alibi
2422 1373 2609 1444 deposta.

413 1418 767 1485 notavimus,
793 1421 1092 1483 introdueti
1123 1429 1289 1486 semel
1321 1431 1555 1490 dominii
1588 1456 1651 1495 ea
1682 1446 1764 1501 vis
1799 1448 1909 1519 est,
1937 1465 1998 1509 ut
2021 1474 2139 1515 rem
2164 1462 2403 1528 domino

411 1491 643 1562 cognito
671 1510 785 1551 non
820 1498 1051 1563 reddere
1065 1507 1318 1574 *omnino
1346 1508 1599 1573 injustum
1637 1517 1718 1572 fit.

477 1567 708 1626 XXVII.
755 1588 803 1627 1.
846 1574 1168 1635 Secundum
1209 1583 1312 1637 erit
1341 1582 1642 1659 indicium,
1678 1609 1700 1637 c
1733 1596 1770 1651 fi
1803 1610 1859 1650 98
1890 1607 2063 1662 verba
2099 1608 2254 1684 sequi
2284 1634 2401 1678 non
2451 1655 2638 1704 cMolin

408 1641 629 1713 quidem
668 1662 767 1720 per
799 1647 850 1704 se
877 1649 927 1705 ἃ
954 1650 1187 1712 omn-ino
1220 1657 1472 1714 illicitum
1504 1662 1567 1718 sit
1588 1708 1602 1732 ,
1645 1665 1733 1724 sed
1759 1691 1916 1746 aeque
1947 1699 2065 1740 rem
2112 1690 2397 1752 aestimanti
2457 1712 2467 1721 ’
2642 1693 2656 1707 '

403 1716 570 1787 nimis>
596 1736 761 1795 grave
793 1729 966 1799 atque
986 1727 1378 1793 ⁴intolerabiles
1422 1750 1482 1787 99
1507 1738 1617 1795 five
1648 1745 1896 1807 absolute
1933 1755 2166 1829 speetata
2205 1771 2399 1827 condi-
2669 1823 2684 1837 ,

403 1792 566 1849 tione
580 1798 835 1857 h‘uinanae
872 1816 1114 1875 naturae,
1159 1808 1270 1864 five
1301 1817 1677 1882 comparando
1708 1826 1997 1895 personam
2047 1834 2097 1889 δε
2132 1857 2280 1913 rem,
2323 1845 2643 1903 decommoda·

398 1881 507 1940 qua
530 1853 748 1944 agitur,
791 1894 915 1934 cum
944 1881 1074 1951 ipso
1107 1883 1219 1939 fine
1247 1888 1413 1942 attus.
1499 1890 1587 1948 Sic
1626 1899 1722 1966 qui
1759 1916 1874 1956 rem
1915 1905 1982 1960 ad
2016 1908 2133 1966 dies
2173 1916 2386 1992 aliquot
2396 1960 2503 2022 Les]
2533 1970 2557 2014 l
2633 1947 2644 1958 ·

396 1945 812 2018 commodavit,
857 1954 1000 2010 intra
1030 1974 1129 2014 eos
1162 1960 1278 2017 dies
1312 1975 1568 2036 repetere
1601 1985 1720 2026 eam
1745 1980 1990 2047 poterit,
2012 1983 2051 2038 fi
2077 1985 2189 2056 ipse
2223 1997 2381 2052 valde
2426 2057 2468 2071 .„
2490 1988 2675 2091 dubl}

392 2031 583 2087 egeat:
630 2024 757 2093 quia
787 2029 1071 2091 aetustam
1095 2036 1336 2099 benefici
1359 2056 1423 2095 ea
1455 2042 1531 2098 est
1566 2057 1794 2119 natura,
1841 2065 1905 2108 ut
1934 2072 2052 2113 non
2079 2062 2387 2128 credendus
2653 2071 2669 2088 ”

392 2089 462 2147 fit,
488 2086 778 2167 quisquam
809 2101 876 2155 ad
911 2110 1355 2176 magnum'suu'in
1387 2116 1810 2182 incommodum
1861 2127 1914 2185 se
1961 2134 2199 2195 voluifl'e
2247 2145 2388 2200 obli-

394 2181 543 2234 gare.
588 2170 676 2227 Sic
708 2175 804 2243 qui
826 2179 1090 2238 auxilium
1116 2183 1369 2245 federato
1400 2196 1687 2265 promisit,
1732 2204 2089 2268 excusabitur
2118 2220 2388 2284 quamdiu

666 2248 675 2256 ’
801 2250 810 2258 “’
876 2252 885 2261 “
1082 2257 1092 2267 ’
1215 2265 1217 2269 ’
1459 2271 1636 2341 copiis
1663 2291 1803 2345 opus
1829 2280 2071 2339 habet.d
2099 2289 2220 2353 Etg
2253 2312 2386 2351 con·
2428 2316 2671 2393 dAng.al

385 2314 550 2371 ceffio
583 2321 943 2383 immunitatis
980 2333 1336 2405 *vee'ti-galium
1379 2339 1428 2394 ἃ
1478 2347 1815 2406 tributorum
1861 2356 2207 2432 intelligetur
2248 2384 2265 2414 1
2307 2370 2376 2426 de
2396 2381 2430 2424 l.
2463 2402 2506 2442 7·
2541 2393 2669 2446 adl.

380 2391 718 2456 quotidianis
757 2396 808 2451 &
840 2404 1246 2477 anniversariis]
1289 2429 1404 2469 non
1445 2414 1512 2470 de
1544 2419 1638 2486 iis,
1684 2441 1806 2495 quae
1845 2428 2053 2490 summa
2083 2443 2536 2504 neceffitasRhod.

377 2461 551 2533 exigit
576 2510 588 2532 ‚
633 2468 686 2523 ἀ
719 2474 917 2542 quibus
953 2497 1136 2539 carere
1171 2489 1485 2559 respublica
1515 2508 1633 2548 non
1662 2502 1865 2570 potest.
2382 2508 2442 2549 V
2427 2526 2665 2576 ⁶²³9·⁶0’²¹r·

451 2552 500 2591 2.
541 2541 628 2597 Ex
653 2546 852 2615 quibus
889 2562 1302 2624 apparetnimis
1342 2565 1464 2621 laxe
1502 2566 1706 2629 dictum
1750 2593 1778 2630 a
1815 2579 2131 2649 Cicerone,
2182 2608 2206 2638 e
2238 2570 2637 2701 110111ζέ0σρῗῇ

376 2611 637 2672 servanda
659 2623 916 2691 promissa
944 2644 1064 2698 quae
1099 2633 1204 2690 fint
1236 2636 1299 2691 iis
1333 2641 1532 2710 quibus
1566 2651 1879 2717 promiseris
1908 2658 2125 2719 inutilia
2145 2710 2159 2733 ,
2195 2673 2358 2730 necfi
2382 2708 2419 2743 ι,
2442 2656 2516 2750 10³,
2637 2678 2655 2697 '

375 2686 495 2759 plus
528 2693 627 2748 tibi
658 2712 902 2756 noceant
935 2720 1098 2775 quam
1124 2710 1202 2765 illi
1233 2714 1448 2781 profint
1482 2720 1571 2772 cui
1591 2727 1924 2792 promiseris,
2001 2739 2148 2796 Nam
2175 2761 2242 2801 an
2275 2766 2362 2806 res

375 2762 520 2822 utilis
546 2768 611 2828 fit
634 2770 816 2832 futura
850 2776 941 2847 ei,
984 2783 1073 2843 cui
1100 2785 1362 2858 promiffa
1395 2788 1504 2858 est,
1552 2808 1578 2838 2
1628 2797 1876 2864 judicare
1914 2816 2210 2879 promissor
2247 2840 2369 2883 non

2162 2893 2364 2972 debet,

656 3025 701 3069 G
736 3036 772 3072 R
809 3036 842 3073 ο
876 3039 912 3075 'r
951 3044 969 3076 1
1011 3045 1051 3078 1.
1364 3040 1371 3122 J
1455 3049 1518 3092 96
1554 3041 1608 3089 Si
1638 3042 1868 3106 dominus}
1901 3055 1978 3112 Is,
2016 3056 2073 3104 ad
2095 3074 2245 3123 quem
2267 3066 2368 3123 iure

434 3093 461 3140 g
495 3082 702 3143 Concessio
730 3092 1051 3149 immunitatis}
1089 3093 1210 3143 Vide
1236 3098 1337 3147 Ro·
1391 3104 1639 3164 pertinet,
1677 3116 1898 3172 quamvis
1929 3130 2065 3174 eam,
2103 3127 2188 3187 qui
2217 3127 2369 3193 depo-

362 3139 630 3196 seminalium
660 3148 719 3195 de
755 3153 925 3200 Feudis
954 3172 1055 3221 cap.
1087 3171 1137 3207 v.
1184 3163 1362 3224 conci„
1388 3162 1509 3224 suit,
1548 3169 1848 3232 aliquamdiu
1870 3176 2147 3237 poffederit.

376 3212 604 3251 Lxxxvl.
639 3225 772 3261 num.
805 3231 848 3263 2.
897 3219 1027 3284 Heig.
1075 3221 1339 3271 Illustrium
1447 3242 1505 3283 97
1544 3228 1605 3274 Ut
1633 3234 1747 3280 alibi
1776 3243 2057 3300 notavimus]
2090 3263 2149 3308 2,
2189 3266 2259 3297 ιο.
2295 3272 2338 3302 1.

379 3277 525 3309 xv111
553 3283 709 3323 ‚num.
745 3288 815 3324 16.
849 3294 986 3342 parte
1018 3300 1058 3330 1.
1097 3273 1363 3344 Umbrum-l
1451 3302 1509 3340 98
1545 3294 1848 3359 Verbasequij
1877 3307 2165 3367 Proprietati
2195 3315 2368 3363 verbo.

378 3341 480 3371 num
507 3328 631 3376 cons.
649 3349 825 3390 x1‚32..
859 3344 1095 3404 Clarumo.
1113 3347 1332 3396 feudum.
1358 3345 1490 3443 jrum
1518 3353 1565 3398 in
1588 3357 1954 3421 interpretando
1979 3367 2220 3420 inhaerere.

377 3401 529 3446 xxxx,
566 3405 607 3435 2.
643 3399 865 3450 Andream
885 3407 1028 3459 Knich
1057 3410 1115 3456 de
1144 3411 1360 3476 vestitis‚
1446 3419 1504 3465 9&
1519 3414 1625 3463 Sive
1650 3420 1858 3482 absolute]
1885 3429 1968 3473 Vel
1987 3432 2137 3481 cuivis
2166 3436 2365 3491 homini

377 3451 559 3509 Ρειὸὶῐε,
593 3467 723 3514 parte
769 3478 813 3508 11
844 3499 858 3520 ,
897 3486 936 3516 c,
983 3489 1021 3525 ς,
1072 3489 1204 3520 num.
1252 3491 1327 3523 20.
1355 3480 1359 3520 ἕ.
1383 3489 1470 3537 pro
1498 3492 1639 3541 captu
1665 3484 1831 3552 nostra:
1859 3486 2135 3552 fragilitatis
2154 3503 2261 3554 ,vel
2290 3507 2363 3564 ei,

376 3513 610 3569 Henricum
633 3517 765 3567 Bocer
791 3523 847 3572 de
876 3534 1109 3584 Colleffls
1135 3551 1238 3601 cap.
1259 3527 1358 3595 xv,‚¹
1383 3541 1470 3602 qui
1496 3547 1729 3602 pro'miht.
2237 3623 2239 3625 ι
2325 3628 2327 3630 ¹

381 3589 456 3623 ῃ,
1150 3646 1168 3656 s
1450 3618 1468 3648 1
1506 3604 1577 3651 De
1604 3608 1871 3669 quotidianis
1911 3612 1969 3664 [α’
1996 3626 2323 3686 anniversa-iis
2348 3643 2370 3696 J

601 3644 644 3687 G
677 3653 711 3689 R
747 3656 781 3692 o
813 3659 851 3695 Ν
886 3664 919 3699 o
953 3670 987 3705 v
1019 3672 1037 3708 1
1073 3675 1108 3711 1.
1386 3668 1630 3729 Perpetuis
1658 3673 1707 3719 &
1730 3672 2032 3728 solennibus.

438 3714 497 3755 94
546 3703 595 3749 Si
631 3721 710 3766 quo
751 3714 852 3765 casu
889 3719 1036 3779 sequi]
1098 3728 1228 3775 Talis
1274 3727 1348 3788 fit¹
1445 3745 1471 3775 2
1505 3729 1721 3788 Judicare
1742 3743 1996 3802 promiffirj
2052 3750 2232 3814 Neque
2258 3752 2358 3803 hoc

373 3757 531 3823 casus,
568 3778 623 3812 ut
644 3768 921 3822 adhaerendo
949 3785 1104 3834 verbis
1139 3787 1223 3839 fiat
1259 3806 1332 3840 res
1384 3791 1510 3838 dicit'
1531 3796 1710 3844 Cicero.-
1758 3802 1988 3867 intelligit
2024 3811 2194 3871 enim,
2242 3827 2350 3881 quae

374 3825 534 3874 vetita.
1383 3869 1542 3903 revera
1605 3863 1831 3914 omniurn
1879 3866 2105 3922 sanorum
2158 3877 2344 3934 judicio

1384 3916 1493 3992 sunt
1515 3922 1741 3994 inutilia,
1780 3943 1884 3981 non
1908 3936 2054 3986 unius
2087 3937 2347 4003 promiffm

1384 3996 1467 4032 ns,
2306 4037 2309 4038 ν

435 3904 491 3943 95
531 3892 637 3937 Cum
665 3892 968 3961 obligationis]
1028 3909 1158 3960 Cum
1189 3915 1246 3965 ad
1275 3930 1332 3965 ea

373 3963 519 4006 nemo
542 3953 687 4018 poffit
718 3958 937 4027 obligari.

2190 4071 2364 4126 {3300
