3182 5113
845 747 877 786 a
1284 713 2239 780 MARELIBERUM.

844 838 1007 912 gibus
1044 836 1236 902 licere,
1311 850 1478 906 quam
1518 824 1665 904 plebi
1706 831 1957 889 adversus
2002 831 2225 888 decreta
2280 825 2642 886 decurionum
2669 864 2686 891 ‚
2750 826 2838 885 dea

849 912 1173 972 curionibus
1212 921 1406 967 contra
1461 907 1749 983 praesidum
1806 908 2016 975 edidia,
2099 902 2413 977 praesidibus
2470 902 2523 956 in
2578 918 2761 973 regum
2807 906 2847 959 i-

840 990 1062 1066 psorum
1120 989 1438 1045 sanctiones,
1518 985 1669 1060 Quin
1721 985 1811 1040 iila
1872 983 1982 1056 ipsa
2033 979 2363 1056 populorum
2414 986 2578 1047 atque
2631 977 2840 1034 urbium

843 1065 1169 1140 finguiarum
1223 1064 1339 1133 jura
1392 1079 1463 1118 ex
1518 1061 1615 1118 illo
1665 1061 1823 1117 fonte
1876 1061 2191 1123 dimanare,
2256 1052 2383 1111 inde
2438 1051 2836 1110 sanctimoniam

848 1143 1000 1201 suam
1040 1153 1202 1213 atque
1238 1137 1566 1209 majestatem
1606 1139 1868 1209 accipere.
1954 1137 2104 1196 Sicut
2143 1145 2322 1190 autem
2361 1132 2418 1186 in
2458 1127 2574 1200 ipso
2615 1128 2838 1185 homine

843 1222 949 1278 alia
986 1216 1144 1285 sunt,
1186 1234 1313 1288 quae
1354 1216 1517 1271 habet
1556 1233 1679 1271 cum
1714 1213 1969 1272 omnibus
2010 1210 2351 1274 communia,
2395 1207 2494 1262 alia
2535 1204 2729 1276 quibus
2769 1207 2832 1261 ab

846 1298 1022 1355 altero
1062 1294 1295 1368 quisque
1335 1290 1724 1364 distinguitur:
1797 1292 1873 1346 ita
1925 1305 2110 1346 earum
2167 1302 2346 1342 rerum
2400 1299 2536 1355 quas
2593 1280 2646 1335 in
2704 1279 2841 1337 usum

850 1372 1094 1433 hominis
1149 1367 1481 1442 produxisset
1541 1379 1770 1432 natura,
1842 1364 1970 1422 alias
2025 1381 2148 1420 eam
2205 1377 2424 1419 manere
2482 1372 2844 1423 communes,

851 1448 983 1505 alias
1025 1445 1293 1517 cujusque
1335 1442 1591 1499 industria
1648 1458 1711 1497 ac
1764 1443 1951 1499 labore
2003 1440 2248 1513 proprias
2302 1436 2419 1493 fieri
2475 1429 2722 1489 voluiffe.
2781 1431 2844 1488 de

849 1524 1097 1595 utrisque
1139 1518 1510 1577 autem'datas
1553 1522 1700 1594 leges
1727 1562 1740 1587 ‚
1802 1531 1864 1575 ut
1904 1518 2293 1574 communibus
2339 1510 2566 1586 quidem
2610 1508 2718 1564 fine
2758 1505 2841 1564 de·

851 1602 1112 1658 trimento
1155 1598 1401 1656 omnium
1439 1614 1634 1654 omnes
1687 1609 1999 1660 uterentur3
2057 1593 2124 1649 de
2177 1591 2388 1647 caeteris
2448 1599 2634 1644 autem
2697 1584 2839 1656 quod

849 1679 1054 1748 cuique
1106 1674 1456 1745 contigisset,
1516 1693 1587 1732 eo
1646 1685 1939 1730 contentus
1993 1669 2283 1725 abstineret
2333 1666 2534 1723 alieno.
2613 1662 2755 1716 Haec
2807 1660 2840 1717 fi

780 1795 787 1800 -
849 1753 1030 1810 homo
1062 1749 1243 1806 nuilus
1284 1748 1488 1805 nescire
1519 1750 1697 1822 potest
1729 1750 1823 1805 nisi
1860 1750 2037 1804 homo
2068 1745 2175 1800 effe
2204 1742 2456 1805 desierit,
2499 1740 2624 1793 haec
2656 1736 2693 1793 fi
2725 1753 2841 1808 gen—

851 1841 929 1886 tes
960 1826 1219 1884 viderunt
1249 1827 1446 1900 quibus
1479 1827 1545 1882 ad
1598 1843 1786 1882 verum
1832 1839 1999 1881 omne
2043 1818 2451 1876 caecutientibus
2496 1811 2602 1870 sola
2643 1827 2842 1867 natura:

848 1905 941 1968 fax
984 1904 1203 1967 illuxit,
1274 1904 1407 1974 quid
1452 1920 1549 1958 vos
1595 1904 1786 1960 sentire
1824 1918 1885 1955 ac
1928 1898 2109 1954 facere
2148 1910 2376 1968 aequum
2420 1889 2535 1956 est,
2579 1887 2841 1961 principes

849 1980 1161 2056 populique
1201 1979 1529 2035 Christiani?
1581 1979 1635 2034 Si
1679 1978 1800 2050 quis
1842 1975 2032 2031 durum
2074 1982 2228 2044 putat
2270 1987 2333 2025 ea
2374 1986 2401 2024 a
2442 1971 2493 2022 se
2543 1964 2685 2036 exigi
2727 1978 2842 2036 quae

850 2071 962 2114 tam
1002 2054 1166 2111 saneti
1208 2057 1448 2111 nominis
1488 2054 1749 2127 professio
1808 2050 2070 2124 requirit,
2136 2048 2287 2115 cujus
2338 2045 2620 2101 minimum
2666 2039 2742 2095 est
2786 2041 2845 2093 ab

853 2131 1060 2202 iniuriis
1102 2130 1402 2197 abstine-re,
1447 2144 1594 2187 certe
1637 2130 1768 2199 quid
1814 2128 1880 2183 sui
1921 2125 1981 2181 fit
2024 2122 2189 2180 officii
2229 2122 2362 2176 scire
2401 2119 2638 2191 quisque
2681 2114 2846 2188 potest

856 2226 928 2265 ex
964 2224 1071 2274 eo,
1116 2207 1271 2278 quod
1301 2208 1454 2264 alteri
1487 2207 1749 2281 praecipit.
1789 2205 1977 2260 Nemo
2008 2200 2085 2255 est
2115 2196 2351 2254 vestrum
2396 2196 2491 2269 qui
2526 2207 2641 2246 non
2679 2192 2843 2264 palam

854 2283 1035 2340 edicat
1083 2285 1161 2339 rei
1215 2301 1491 2356 quemque
1544 2282 1653 2337 suae
1696 2280 1802 2336 effe
1856 2276 2258 2334 moderatorem
2301 2273 2352 2328 <Sc
2408 2271 2704 2329 arbitrum:
2762 2265 2846 2337 qui

854 2378 973 2419 non
1023 2358 1341 2417 fluminibus
1380 2359 1630 2430 locisque
1666 2356 1897 2428 publicis
1938 2355 2085 2410 cives
2126 2365 2319 2407 omnes
2361 2352 2441 2406 uti
2489 2363 2557 2404 ex
2598 2360 2763 2416 aequo
2799 2340 2846 2395 δι

859 2434 1167 2512 promiscue
1200 2436 1415 2502 jubeat,
1460 2436 1558 2506 qui
1597 2449 1711 2489 non
1750 2428 2099 2488 commeandi
2140 2423 2660 2496 commercandique
2694 2421 2847 2475 liber·

855 2527 1027 2571 tatem
1061 2511 1219 2567 omni
1247 2529 1353 2583 ope
1389 2508 1660 2567 defendat.
1707 2509 1836 2567 Sine
1868 2507 1951 2564 his
1979 2503 2016 2561 fi
2057 2521 2221 2578 parva
2265 2501 2359 2558 iila
2409 2501 2656 2565 societas,
2697 2509 2849 2568 quam

853 2587 1252 2660 rempublicam
1293 2603 1586 2651 vocainim,
1633 2585 1882 2642 constare
1934 2600 2047 2638 non
2093 2580 2242 2653 poffe
2276 2577 2543 2648 judicatur
2582 2574 2677 2650 (ἃ
2717 2583 2852 2627 certe

857 2663 1106 2721 constare
1146 2678 1260 2720 non
1303 2661 1529 2735 potest)
1571 2661 1929 2732 quamobrem
1971 2674 2084 2713 non
2138 2653 2326 2711 eadem
2371 2656 2461 2710 ilia
2499 2652 2565 2708 ad
2603 2648 2850 2705 sustinen-

859 2740 991 2796 dam
1031 2738 1203 2795 totius
1240 2738 1465 2794 humani
1496 2738 1710 2812 generis
1755 2736 2064 2792 societatem
2104 2746 2268 2803 atque
2311 2728 2665 2788 concordiam
2704 2731 2859 2779 erunt

857 2814 1203 2873 necessaria?
1248 2816 1304 2873 Si
1345 2815 1467 2886 quis
1509 2812 1755 2870 adversus
1797 2813 1922 2869 haec
1981 2811 2085 2865 vim
2137 2807 2329 2869 faciat,
2373 2807 2579 2864 merito
2619 2798 2855 2870 indigna-

812 2912 820 2921 „
858 2889 1041 2953 mini,
1114 2890 1365 2962 exempla
1407 2892 1567 2946 etiarn
1610 2907 1709 2962 pro
1753 2888 1943 2960 fiagitii
1985 2882 2357 2955 magnitudine
2417 2881 2677 2941 statuitis,
2743 2890 2854 2929 non

859 2966 965 3021 alia
1002 2964 1070 3021 de
1113 2965 1295 3031 causa,
1339 2967 1436 3023 nifi
1479 2968 1641 3038 quia,
1681 2965 1774 3022 ubi
1814 2965 1910 3019 ista
1954 2962 2140 3036 paffim
2181 2960 2382 3023 licent,
2442 2958 2605 3012 status
2642 2949 2855 3022 imperii

857 3041 1185 3112 tranquillus
1216 3041 1326 3097 effe
1354 3060 1467 3100 non
1492 3041 1690 3115 potest.
1772 3038 1940 3116 Quod
1975 3039 2013 3094 ss
2047 3055 2139 3093 rex
2177 3039 2228 3091 in
2263 3047 2445 3105 regem
2472 3071 2486 3095 ,
2528 3026 2767 3100 populus
2799 3025 2844 3077 in

851 3118 1124 3190 populum
1165 3118 1354 3190 inique
1385 3120 1436 3174 ἃ
1479 3120 1758 3175 violenter
1795 3129 1958 3188 agat,
2012 3113 2065 3170 id
2107 3126 2293 3169 nonne
2331 3105 2396 3158 ad
2438 3099 2846 3177 perturbandam

854 3210 1076 3264 magnae
1110 3192 1251 3249 illius
1298 3196 1530 3252 civitatis
1568 3194 1812 3267 quietern
1848 3191 1899 3248 ἃ
1940 3190 2008 3246 ad
2039 3186 2222 3242 summi
2267 3178 2502 3236 custodis
2536 3175 2739 3250 spectat
2776 3178 2847 3229 ino

857 3269 1103 3339 juriani?
1143 3271 1273 3325 Hoc
1310 3271 1566 3337 interest,
1611 3269 1763 3342 quod
1806 3267 1940 3322 ficut
1982 3259 2311 3332 magistratus
2353 3258 2588 3313 minores
2629 3252 2697 3308 de
2738 3248 2842 3305 vui-

854 3363 932 3418 go
970 3344 1248 3414 judicant,
1291 3363 1391 3402 vos
1431 3346 1500 3402 de
1534 3346 1960 3418 magistratibus,
2003 3342 2074 3393 ita
2115 3335 2357 3390 omniurn
2400 3333 2627 3388 aliorum
2662 3326 2840 3383 delicta

857 3419 1246 3493 cognoscenda
1281 3423 1445 3479 vobis
1495 3420 1546 3475 ἃ
1586 3419 1865 3495 punienda
1911 3411 2186 3470 mandavit
2221 3428 2315 3466 rex
2358 3404 2626 3474 universi,
2680 3403 2841 3459 vestra

855 3498 1081 3565 excepit
1118 3495 1229 3550 sibi.
1305 3499 1358 3552 Is
1400 3509 1580 3552 autem
1631 3506 1943 3563 quanquam
1983 3490 2278 3560 supremam
2330 3479 2840 3539 animadversionem

856 3569 956 3625 fibi
1006 3568 1273 3634 reservat,
1339 3572 1579 3632 tardam,
1640 3568 1958 3625 occultam.
2024 3560 2430 3627 inevitabilem,
2492 3554 2841 3617 nihilominus*

856 3645 999 3702 duos
1037 3662 1067 3699 a
1100 3644 1150 3700 se
1178 3645 1387 3711 judices
1415 3645 1629 3716 delegat
1667 3644 1760 3716 qui
1791 3643 1951 3697 rebus
1981 3638 2229 3696 humanis
2259 3634 2537 3695 interfint.
2581 3649 2722 3707 quos
2754 3646 2839 3687 no-

861 3722 1103 3778 centium
1145 3718 1473 3778 feliciffimus
1533 3737 1647 3776 non
1692 3719 1923 3790 effugit,
1990 3715 2377 3773 conscientiam
2438 3714 2637 3783 cuique
2676 3706 2841 3765 suam?

856 3797 909 3853 ἃ
953 3797 1150 3852 famam
1195 3793 1304 3852 five
1359 3796 1824 3855 existimationem
1890 3794 2135 3850 alienam.
2216 3793 2359 3849 Haee
2409 3786 2693 3845 tribunalia
2746 3781 2838 3836 iuis

853 3885 1081 3947 patent,
1126 3873 1320 3945 quibus
1362 3873 1465 3930 alia
1502 3871 1762 3944 praeclusa
1800 3869 1947 3927 sunt:
1989 3868 2056 3926 ad
2094 3870 2213 3925 haec
2255 3867 2453 3924 infirmi
2492 3870 2837 3940 provocant:

855 3953 915 4022 in
956 3949 1039 4006 his
1073 3950 1366 4005 vincuntur
1392 3994 1406 4016 ‚
1450 3950 1545 4020 qui
1572 3949 1798 4005 vincunt
1828 3949 2059 4003 viribus:
2088 3948 2184 4019 qui
2214 3944 2451 4000 licentiae
2477 3939 2705 3998 modum
2731 3946 2836 3992 non

856 4027 1137 4093 statuunt,
1176 4024 1273 4098 qui
1315 4026 1409 4081 vili
1448 4037 1648 4097 putant
1693 4022 1941 4081 constare
1966 4065 1979 4086 ,
2020 4021 2170 4097 quod
2215 4022 2417 4077 emitur
2455 4020 2699 4076 humano
2738 4010 2837 4066 san-

851 4104 1049 4173 guine,
1109 4104 1200 4175 qui
1253 4101 1473 4170 injurias
1518 4101 1728 4168 injuriis
1767 4098 2108 4164 defendunt,
2172 4111 2414 4172 quorum
2458 4091 2733 4151 manifesta
2771 4084 2837 4140 fa·

847 4177 1035 4235 cinora
1072 4177 1285 4238 necesse
1329 4179 1406 4236 est
1451 4177 1505 4235 &
1539 4176 1922 4238 consentiente
1970 4178 2244 4237 bonorum
2291 4170 2504 4245 iudicio
2550 4161 2833 4297 damigrffi
