3182 5113
889 448 957 513 2ss
1346 425 2387 499 MARELIBERUM.'
2741 446 2874 508 es,

892 556 1180 616 millesimo
1213 553 1655 630 quingentesimo
1700 547 2057 621 nonagesimo
2113 544 2344 616 quium,
2386 556 2500 599 non
2547 540 2708 600 dubie
2736 555 2885 601 intra

895 651 1104 691 annum
1134 632 1506 691 centesimum.
1579 631 1700 700 Jam
1740 643 1873 682 vero
1914 623 2077 680 etiam
2120 638 2190 677 eo
2225 615 2376 691 quod
2424 619 2717 676 interceffit
2755 630 2879 675 tem·

891 727 1032 783 pore
1072 712 1302 768 aliorum
1330 709 1640 782 usurpatio,
1679 703 1932 761 adversus
1974 699 2111 755 ali-os
2158 698 2321 752 etiam
2367 712 2559 751 omnes
2605 693 2880 766 impedivit

889 788 1370 861 praescriptionem.
1448 782 1743 843 Castellani
1798 780 1864 836 ab
1920 793 2064 837 anno
2118 773 2403 831 millesimo
2456 770 2878 843 quingentesnno

886 863 1103 921 decimo
1140 882 1293 922 nono
1324 863 1714 937 poss‘effionem·
1746 859 1901 914 maris
1944 852 2213 910 Lusitanis
2264 852 2401 906 cirea
2448 848 2738 905 Moluccas
2779 863 2880 900 am-

884 942 1113 1013 biguam
1154 942 1354 999 fecere.
1438 939 1585 996 Galli
1637 938 1797 993 etiam
1851 932 1903 989 δι
1954 929 2126 1002 Angli
2168 943 2283 983 non
2325 925 2665 989 clanculum,
2705 920 2791 975 sed
2836 924 2881 978 vi

901 1030 1089 1090 aperta
1122 1037 1188 1074 eo
1222 1027 1607 1090 perruperunt.
1645 1017 1921 1072 Praeterea
1951 1006 2161 1063 accolae
2194 1004 2367 1060 totius
2400 1004 2597 1057 tractus
2635 998 2882 1065 Africani,

902 1109 995 1151 aut
1033 1094 1259 1150 Asiatici
1287 1107 1497 1166 partem
1524 1091 1689 1147 maris
1717 1087 1950 1160 quisque
1977 1082 2071 1139 fibi
2099 1082 2401 1153 proximam
2426 1073 2684 1149 piscando
2719 1073 2771 1127 ὃ(
2803 1090 2881 1129 na-

900 1172 1143 1243 vigando
1188 1182 1453 1244 perpetuo
1502 1167 1855 1239 usurparunt,
1921 1174 2208 1231 nunquam
2248 1175 2274 1213 a
2317 1152 2582 1212 Lusitanis
2620 1148 2882 1223 prohibiti.

901 1245 1236 1302 Conclusum
1268 1246 1430 1319 igitur
1459 1244 1521 1300 fit
1541 1290 1555 1312 ‚
1587 1244 1671 1311 jus
1703 1239 1916 1297 nullum
1948 1234 2057 1291 effe
2078 1232 2342 1290 Lusitanis
2377 1247 2491 1301 quo
2522 1230 2679 1287 aliam
2706 1241 2879 1296 quam-

894 1325 980 1378 vis
1018 1333 1241 1394 gentem
1274 1342 1304 1379 a
1335 1321 1688 1395 navigatione
1717 1316 1929 1380 Oceani
1959 1312 2025 1368 ad
2057 1308 2227 1368 Indos
2256 1307 2606 1384 prohibeant.

898 1702 1073 1795 Jure
1101 1704 1404 1796 gentium
1438 1705 1616 1786 inter
1650 1699 1910 1792 quosvis
1945 1691 2227 1769 liberam
2255 1688 2375 1778 effi
2429 1699 2878 1768 mercaturam.

1020 1857 1151 1914 Uod
1200 1855 1239 1913 fi
1287 1857 1469 1912 dicant
1506 1851 1749 1910 Lusitani
1792 1866 1913 1906 cum
1970 1845 2173 1903 Indicis
2229 1841 2560 1903 commercia
2609 1836 2881 1897 exerc-endi

1057 1936 1139 2001 jus
1175 1933 1455 2006 quoddam
1494 1929 1776 2000 proprium
1808 1926 1875 1981 ad
1907 1924 1957 1980 se
1987 1926 2292 1997 pertinere,
2335 1919 2547 1984 eisdem
2580 1918 2693 1985 fere
2722 1917 2884 1973 omni·

904 2010 1006 2065 bus
1045 2013 1384 2080 argumentis
1417 2005 1757 2063 refellentur.
1837 2005 2181 2072 Repetemus
2221 1999 2460 2056 breviter
2487 1994 2538 2050 ἃ
2582 1994 2885 2065 aptabimus,

904 2087 1030 2161 Jure
1063 2087 1455 2156 gentiumhoc
1486 2078 1858 2143 introdudtum
1896 2077 2005 2145 est,
2044 2087 2104 2131 ut
2150 2075 2358 2135 cunctis
2400 2072 2717 2130 hominibus
2764 2069 2888 2121 inter

908 2162 963 2217 se
1020 2162 1190 2216 libera
1234 2159 1366 2216 esset
1416 2155 1737 2227 negotiandi
1776 2154 2030 2219 facultaS,
2081 2169 2201 2224 quae
2239 2171 2269 2207 a
2319 2152 2542 2207 nemine
2579 2145 2755 2220 pos-set
2793 2141 2893 2196 adi·

618 2269 647 2297 a
674 2252 822 2301 Video.
852 2237 990 2303 1.mi
1024 2256 1077 2291 a.
1162 2237 1230 2292 Et
1267 2238 1404 2301 hoc,
1447 2233 1581 2302 ficut
1611 2231 1735 2305 post
1771 2229 2141 2287 dominiorum
2183 2226 2590 2283 distinftionem
2634 2220 2893 2276 continuo

618 2320 729 2365 Lex
750 2317 900 2389 hocjsc-
918 2312 1269 2368 necessarium
1314 2309 1418 2365 fuit
1447 2352 1461 2374 ‚
1527 2309 1601 2363 ita
1657 2308 1927 2381 originem
1968 2305 2140 2362 videri
2177 2302 2361 2377 potest
2412 2300 2778 2371 antiquiorem
2815 2293 2897 2348 ha·

623 2380 1107 2453 *effidfflust-,buifl‘e
1190 2385 1465 2445 Subtiliter
1520 2387 1666 2441 enim
1706 2381 2029 2440 Aristoteles
2081 2379 2477 2448 με’]ωβλητικίαῗ
2533 2374 2668 2431 dixit
2714 2372 2745 2426 b.
2795 2371 2899 2421 ἅνω

621 2493 725 2554 Ean
865 2445 1186 2534 mancipato-tv
1257 2463 1298 2517 ’ἕ
1375 2464 1454 2538 '‘3¹⁰‘'
1523 2461 1668 2529 φύσιν
1734 2460 2048 2525 αὖτωρκθίως
2087 2498 2102 2521 ,
2171 2457 2281 2514 hoc
2349 2455 2455 2522 est,
2531 2446 2902 2523 negotiatione

625 2555 692 2622 bl.
715 2544 810 2626 1⁴‚d0
835 2590 877 2618 re
923 2541 1157 2613 suppleri
1210 2538 1265 2596 id
1303 2536 1456 2613 quod
1491 2550 1699 2595 naturae
1751 2537 1937 2603 deest,
1979 2549 2092 2609 quo
2146 2530 2442 2590 commode
2484 2529 2736 2587 omnibus
2777 2518 2907 2577 suffi-
2970 2565 2971 2582 2

618 2640 720 2707 §²²¹³-
757 2655 791 2687 ς,
825 2655 870 2692 9,
924 2621 1048 2674 ciat.
1131 2616 1374 2689 Oportet
1420 2615 1583 2688 igitur
1617 2622 1971 2671 communem
2005 2612 2110 2668 ess‘e
2154 2612 2269 2678 iure
2319 2608 2597 2682 gentium,
2649 2617 2763 2655 non
2803 2608 2906 2650 tan-

919 2705 1034 2749 tum
1084 2694 1388 2764 privative,
1434 2691 1522 2746 sed
1571 2690 1622 2745 ec
1663 2689 1935 2763 pofitiv-e,
1990 2703 2049 2745 ut
2091 2687 2282 2743 dicunt
2327 2682 2589 2753 magistri,
2625 2676 2735 2730 slve
2778 2671 2910 2729 affir-

624 2815 645 2842 ε
680 2794 868 2843 Video.
922 2770 1126 2826 mative
1169 2790 1207 2820 c.
1287 2772 1424 2845 Quae
1468 2778 1655 2823 autem
1700 2768 1796 2822 illo
1833 2764 2001 2820 modo
2055 2762 2171 2820 sunt
2212 2763 2342 2830 juris
2377 2754 2622 2827 gentium
2651 2792 2663 2816 ,
2719 2746 2903 2806 mutari

624 2862 787 2908 vam'n
812 2877 845 2905 c.
926 2846 1173 2919 poflunt:
1215 2849 1336 2916 quae
1367 2846 1480 2900 hoc
1518 2843 1715 2909 modo,
1752 2859 1863 2898 non
1901 2841 2139 2913 poffunt.
2219 2836 2282 2888 ld
2324 2833 2397 2886 ita
2428 2827 2663 2898 intelligi
2714 2823 2898 2896 potest.

616 2938 849 2988 peccatum.
889 2921 1173 2978 'Dederat
1203 2934 1392 2976 natura
1423 2921 1608 2977 omnia
1651 2920 1924 2974 omnibus.
2007 2916 2113 2974 Sed
2155 2926 2280 2963 cum
2319 2924 2349 2962 a
2394 2920 2571 2960 rerum
2619 2903 2899 2958 multarum

625 2987 668 3058 9,·
704 2998 744 3037 ⁸·
922 2998 1052 3066 usu,
1096 3014 1225 3070 quas
1255 2999 1371 3053 vita
1400 2996 1666 3052 defiderat
1717 2996 1987 3054 humana,
2033 2991 2281 3043 locorum
2327 2979 2614 3038 intervallo
2662 2977 2901 3034 homines

921 3086 1266 3140 arcerentur,
1317 3075 1473 3143 quia,
1529 3082 1590 3127 ut
1631 3072 1782 3144 supra
1821 3069 2093 3128 diximuS,
2157 3077 2268 3116 non
2309 3058 2495 3124 omnia
2537 3054 2744 3126 ubique
2786 3066 2896 3124 pro-

917 3152 1182 3214 veniunt,
1240 3166 1380 3221 opus
1418 3148 1522 3204 fuit
1567 3146 1925 3214 trajectione:
1987 3155 2091 3194 nec
2141 3136 2320 3192 adhuc
2361 3148 2534 3190 tamen
2575 3126 2895 3203 permutatio

922 3237 1064 3290 erat,
1125 3224 1212 3298 sed
1248 3227 1365 3280 aliis
1402 3222 1627 3276 viciffim
1671 3220 1830 3274 rebus
1871 3216 2011 3286 apud
2063 3213 2200 3269 alios
2255 3212 2480 3284 repertis
2531 3207 2624 3263 suo
2685 3203 2899 3262 arbitrio.

922 3302 1215 3359 utebantur
1241 3319 1252 3353 :
1284 3316 1401 3370 quo
1430 3297 1541 3352 fere
1557 3294 1733 3351 modo
1770 3292 1912 3364 apud
1943 3292 2099 3358 Seres
2125 3287 2319 3344 dicitur
2346 3288 2505 3343 rebus
2536 3286 2591 3339 in
2625 3281 2898 3340 solitudine

621 3378 652 3424 d
683 3381 872 3441 Pompon,
922 3378 1118 3432 relictis
1163 3374 1274 3429 sola
1315 3374 1637 3429 mutantium
1690 3370 1959 3439 religione
2012 3365 2193 3440 peragi
2236 3361 2615 3419 commercium
2678 3361 2725 3418 d.
2806 3350 2900 3412 Sed

624 3444 796 3493 Mutat,
829 3460 872 3497 3·
924 3468 1054 3508 cum
1094 3451 1267 3506 statim
1312 3466 1398 3504 res
1438 3448 1669 3504 mobiles
1695 3490 1709 3512 ,
1775 3442 2109 3500 monstrante
2161 3441 2462 3496 necestitate
2493 3482 2507 3505 ‚
2581 3453 2701 3509 quae
2740 3432 2898 3493 modo

925 3528 1200 3599 explicata
1244 3524 1320 3581 est
1347 3566 1361 3591 ‚
1401 3526 1454 3580 in
1493 3524 1575 3592 jus
1617 3524 1899 3595 proprium
1944 3515 2291 3581 tranfiiffent‚
2323 3518 2547 3571 inventa
2583 3515 2659 3568 est
2702 3525 2901 3586 permu-
2938 3572 2941 3578 1

626 3610 804 3666 εἷκε-1
832 3609 885 3674 ff·
924 3606 1094 3670 tatio,
1134 3618 1240 3674 qua
1276 3601 1426 3671 quod
1474 3600 1625 3657 alteri
1665 3597 1811 3654 deest
1846 3612 1915 3653 ex
1955 3614 2026 3652 eo
2065 3592 2216 3668 quod
2255 3593 2405 3649 alteri
2435 3589 2666 3662 superest
2706 3587 2899 3662 supple-2

626 3669 878 3720 “⁸⁶⁰¹''W2-
922 3692 1070 3736 retur
1110 3699 1152 3733 e.
1228 3678 1310 3732 Ita
1342 3675 1665 3733 commercia
1696 3675 1863 3730 vietus
1891 3673 2061 3745 gratia
2094 3673 2350 3734 inventa,
2392 3685 2469 3723 erc
2508 3670 2765 3738 Homero
2804 3663 2899 3720 Pli-

620 3747 730 3859 1·thss
925 3757 1045 3812 nius
1076 3755 1272 3828 probat
1291 3750 1344 3824 f.
1386 3752 1688 3824 Postquam
1721 3768 1856 3806 vero
1882 3767 1963 3805 res
2003 3749 2171 3803 etiam
2216 3745 2531 3801 immobiles
2564 3744 2617 3797 in
2655 3741 2900 3802 dominos

728 3834 740 3850 '
771 3814 850 3866 ³³⁰
924 3828 1174 3906 distingui
1214 3843 1530 3904 coeperunt,
1574 3828 1778 3884 sublata
1817 3824 2059 3899 undique
2099 3824 2420 3879 communio
2461 3836 2575 3876 non
2630 3819 2767 3877 inter
2804 3820 2901 3872 ho-

631 3878 667 3912 ⁶'
694 3879 736 3918 ¹⁶
922 3908 1390 3995 mi·ne5‘·locorum
1426 3905 1610 3980 spatiis
1667 3900 1928 3963 discr-etos
1982 3910 2188 3960 tantum
2218 3942 2235 3970 ‚
2298 3914 2497 3958 verum
2548 3895 2716 3955 etiam
2774 3895 2904 3972 inter

2832 3978 2906 4019 Vl-
