3182 5113
230 497 289 574 §a
309 510 404 556 VI.

849 483 1391 559 CAPUT
1491 484 1622 561 VL

2107 499 2244 581 305

233 613 289 694 ἕρ
313 620 483 689 majus
536 616 601 676 fit
626 622 712 690 jus
747 620 915 694 partis
964 618 1030 676 ad
1070 620 1122 675 se
1155 623 1419 679 tuendam
1453 667 1466 692 ‚
1510 638 1677 695 quam
1704 620 1976 693 ,corporis
2013 620 2068 674 in
2119 638 2241 694 [ητα

232 706 376 752 tem:
422 696 552 766 quia
588 715 709 771 pars
751 706 809 741 20
839 696 1015 752 utitur
1042 695 1163 763 jure
1181 698 1300 772 (cc)
1327 699 1484 771 quod
1508 697 1638 754 ante
1674 696 2007 756 societatem
2045 690 2245 754 initam'

229 772 460 837 habuit,
501 784 556 816 21
592 790 797 846 corpus
827 788 943 828 non
985 773 1139 828 item.
1182 774 1307 829 Nec
1326 775 1475 829 dicat
1494 775 1633 829 mihi
1666 775 1900 846 aliqui3‚
1943 773 2241 846 imperium

231 848 339 904 effe
374 848 428 901 in
469 865 709 922 corpore
743 863 800 893 22
842 854 1107 921 tanquam
1144 847 1200 903 in
1226 848 1472 917 subjecto
1498 890 1517 916 ‚
1559 868 1624 906 ac
1654 850 1891 922 proinde
1926 849 2158 905 alienari
2178 852 2247 905 ab

232 942 301 979 eo
337 922 488 996 poffe
519 935 570 977 23
617 936 679 982 ut
727 925 1058 981 dominium.
1136 924 1230 982 Est
1268 926 1418 981 enim
1469 926 1526 980 in
1569 943 1813 999 corpore
1855 970 1869 994 ,
1930 926 1995 980 ut
2030 941 2089 982 24
2124 924 2247 981 sub-

228 1002 372 1069 JeEto
406 998 735 1081 adaequem,
778 1018 896 1055 non
938 1000 1289 1073 divisibiliter
1327 1001 1383 1057 in
1426 1002 1584 1075 plura
1627 1019 1864 1075 corpora
1896 1045 1912 1070 ,
1956 1002 2097 1058 ficut
2133 1003 2248 1057 ani-

232 1078 318 1133 ma
349 1075 424 1132 est
469 1075 526 1130 in
560 1076 892 1149 corporibus
931 1076 1208 1151 perfecti&
1291 1078 1600 1136 Necessitas
1640 1091 1864 1148 autern,
1910 1090 1963 1130 25
2006 1094 2138 1151 quae
2175 1079 2246 1133 ad

2148 1157 2238 1224 jus

236 1381 408 1430 morbo
437 1396 518 1432 aut
544 1384 705 1433 ulcere
725 1385 794 1432 ita
822 1383 988 1431 affeeca
1018 1380 1112 1440 est,
1139 1391 1192 1426 ut
1242 1396 1298 1427 rae
1326 1397 1411 1444 per
1436 1383 1766 1433 necessitatem
1793 1386 1917 1433 redit
1951 1383 2146 1446 corpori
2181 1375 2243 1426 ad

233 1449 443 1495 animam
459 1447 679 1495 sustinere
706 1447 886 1491 diutius
912 1458 1011 1489 non
1036 1440 1201 1502 poffit,

233 1508 281 1556 se
303 1509 502 1556 retrahit
529 1509 610 1554 illa
641 1508 698 1552 ad
724 1517 878 1565 partes
907 1504 1163 1549 validiores
1181 1531 1195 1551 ,

233 1574 283 1618 δε
340 1571 572 1630 intelligit
616 1561 980 1613 immedicabile
1025 1563 1197 1608 vulnus

229 1632 324 1689 effe
362 1628 674 1690 recidendum
701 1664 716 1686 ,
770 1641 833 1674 ne
870 1640 974 1690 pars
1028 1624 1201 1672 sincera

230 1687 460 1740 trahatur.
527 1690 599 1740 Sic
645 1687 727 1739 issa
765 1689 958 1755 reliquo
1004 1688 1198 1751 corpori

228 1752 468 1811 consulit,
502 1751 636 1803 missa
665 1767 797 1819 parte
814 1789 830 1813 ‚
858 1767 959 1801 non
985 1749 1068 1798 fibi
1096 1764 1196 1798 tan—

231 1817 466 1879 turn,sed
530 1813 684 1866 rorsus
714 1816 958 1882 perdita&
985 1827 1194 1861 mortua.

231 1888 432 1946 Qanto
511 1882 645 1929 evius
702 1882 796 1930 hoc
848 1877 1101 1926 ferendum
1146 1879 1197 1923 in

230 1958 439 2009 corpore
466 1943 727 2005 artificiali,
774 1942 834 1990 de
875 1955 975 2003 quo
1001 1955 1104 2003 quae
1128 1936 1194 1985 se-

227 2020 469 2074 parantur,
487 2022 588 2070 non
613 2009 875 2062 intereunt,
888 2002 965 2051 sed
994 2006 1045 2049 in
1068 2000 1198 2049 aliud

228 2086 405 2135 corpus
428 2081 670 2117 transeunt
689 2101 703 2122 ,
738 2067 867 2120 cujus
892 2064 1061 2130 spiritu
1094 2078 1198 2127 per·

230 2133 346 2182 inde
382 2133 594 2185 alantur,
629 2141 682 2176 ut
713 2131 760 2176 in
789 2130 989 2193 priore?
1015 2126 1195 2192 praefer·

229 2196 324 2244 tim
354 2198 387 2244 ss
411 2209 516 2258 pars
539 2191 596 2238 fit
635 2206 765 2238 mere
804 2191 1006 2253 subjeC’ca
1025 2227 1041 2252 ,
1093 2205 1197 2253 quae

229 2256 371 2323 poffit
412 2256 571 2304 dicere
605 2270 718 2302 cum
758 2252 886 2302 asmo
942 2256 1030 2303 illo
1070 2252 1197 2314 apud

229 2320 502 2371 Phaedrum:
542 2317 666 2380 Quid
688 2319 851 2377 refert,
870 2322 952 2373 ,cui
965 2320 1201 2376 serviam,

233 2384 424 2443 clitellas
452 2380 555 2430 dum
580 2394 702 2447 porto
728 2395 842 2425 meas
860 2378 884 2423 ἓ

344 2445 563 2493 uomodo
599 2445 763 2489 autern
810 2439 1051 2489 consentit
1096 2439 1201 2495 his,

231 2454 368 2575 qugd
397 2508 518 2556 Infra
544 2504 747 2552 traditur
776 2519 877 2570 cap.
894 2520 940 2558 9.
972 2517 1107 2549 num.
1128 2516 1201 2545 10.

228 2572 363 2640 poffe
389 2572 638 2619 civitatem
671 2566 850 2625 dividi,
866 2579 948 2615 aut
971 2562 1203 2613 consensu

232 2650 411 2685 mutuo
430 2668 445 2691 ‚
479 2644 562 2680 aut
592 2633 641 2679 in
669 2630 799 2678 bello
818 2632 897 2691 ,δε
925 2643 1037 2677 tum
1068 2630 1205 2693 plura

227 2715 319 2766 pro
345 2713 446 2746 uno
468 2694 664 2744 existere
687 2691 873 2742 summa
902 2695 1109 2756 imperia
1129 2687 1150 2740 ἓ

297 2760 445 2820 Quod
483 2757 697 2821 sequitur
760 2753 1087 2805 necess‘itatem
1143 2753 1201 2801 ad

231 2829 303 2887 jus
333 2837 507 2871 naturae
533 2819 875 2880 reducentem,
924 2819 1002 2865 hic
1033 2819 1199 2865 locum

231 2895 333 2937 n'on
362 2885 564 2942 habere,
616 2884 731 2947 quia
757 2883 807 2931 in
836 2897 897 2929 eo
937 2883 1039 2939 jure
1088 2878 1199 2928 usus

230 2944 735 3015 comprehendebatur
755 2980 771 3004 ,
804 2961 904 2993 non
939 2958 1053 2991 vero
1086 2944 1201 2991 alie-

230 3015 375 3064 nandi
403 3015 500 3070 {1133
536 3011 688 3072 prima
712 3007 864 3072 specie
890 3006 1023 3054 valde
1050 3003 1194 3053 subti-

232 3081 279 3126 le
318 3078 384 3125 est
408 3111 423 3136 ‚
471 3072 549 3122 sed
585 3071 620 3120 fi
659 3073 855 3134 penitus
892 3070 1200 3135 inspiciatur,

230 3155 424 3187 vanum.
487 3134 564 3185 Est
595 3136 862 3191 antemius
905 3147 1079 3182 naturae
1116 3130 1204 3179 du·

233 3203 343 3267 plex
370 3236 387 3262 ‚
433 3198 555 3246 illud
604 3197 994 3261 antiquiffimum
1020 3233 1035 3257 ‚
1095 3210 1197 3258 quo

234 3275 365 3312 erant
406 3264 573 3311 omnia
616 3263 899 3309 communia
929 3295 945 3321 ‚
992 3261 1040 3307 δε
1081 3258 1200 3306 illud

236 3324 371 3392 quod
403 3322 615 3386 sequitur
641 3323 918 3371 introducta
944 3324 1164 3372 dominia
1181 3357 1197 3380 ‚

237 3404 292 3438 ut
314 3385 409 3451 ipse
436 3385 579 3432 docet
617 3398 720 3446 cap·
752 3400 799 3437 5.
829 3402 878 3432 n.
918 3402 958 3432 1.
1014 3384 1197 3434 Eadem

235 3465 402 3500 autem
428 3444 672 3496 neceffitas
690 3478 705 3500 ,
741 3461 844 3508 qux
873 3461 1061 3510 partem
1089 3462 1198 3495 coa.

234 3518 364 3564 &am
394 3509 613 3558 recedere
636 3523 662 3554 a
685 3522 892 3571 corpore
923 3511 1107 3558 reducit
1142 3511 1200 3557 ad

238 3582 309 3639 jus
334 3588 535 3629 naturae,
580 3586 730 3636 quam
769 3571 952 3618 Auritor
983 3587 1124 3620 num.
1155 3588 1199 3626 ς.

239 3642 363 3708 parti
390 3638 459 3685 isti
492 3634 718 3683 concedit
735 3644 863 3694 ‚non
889 3633 1074 3682 reducit
1095 3648 1203 3682 eam

238 3705 298 3752 ad
334 3700 450 3752 illud
479 3701 551 3757 ius
577 3700 793 3762 primum
839 3698 887 3745 ὃ(
917 3696 1203 3762 antiquius,

238 3782 340 3833 quo
369 3763 535 3811 omnia
562 3763 821 3820 omnium,
852 3760 1010 3808 homo
1050 3761 1204 3807 nemi-

1244 1444 1614 1507 relinquendam
1646 1461 1865 1511 partem:
1899 1447 1944 1492 ei
1978 1448 2114 1490 enim
2145 1444 2237 1498 juri

1246 1504 1365 1550 inest
1394 1507 1626 1552 alienatio
1645 1543 1662 1567 ‚
1697 1521 1751 1554 ut
1776 1509 1878 1570 ipse
1912 1508 2065 1553 initi0
2095 1506 2237 1563 hujus

1257 1579 1359 1628 cap.
1391 1564 1622 1624 disputat.

1315 1645 1369 1682 19
1403 1630 1568 1689 Majus
1580 1632 1643 1689 fit
1660 1631 1742 1690 jus
1765 1634 1930 1689 partis]
1947 1629 2227 1678 Excusatior

1244 1690 1303 1738 fit
1347 1693 1457 1740 urbs
1506 1696 1582 1741 vel
1624 1696 1869 1753 provincia
1898 1728 1913 1750 ‚
1967 1707 2079 1737 cum
2113 1692 2160 1736 se
2195 1705 2220 1734 a

1243 1770 1449 1818 corpore
1475 1757 1670 1818 imperii
1699 1755 1907 1817 separat,
1992 1767 2104 1798 uam
2135 1761 2228 1814 po'a
2275 1754 2277 1761 ’

1243 1819 1387 1880 pulus
1411 1818 1483 1861 vel
1510 1832 1625 1867 rex,
1658 1832 1767 1862 cum
1802 1830 1909 1861 eam
1938 1829 1962 1859 a
1986 1815 2135 1860 ienat.

1306 1896 1364 1925 20
1399 1880 1555 1924 Utitur
1572 1879 1713 1933 jure]
1760 1876 2007 1925 Libertate
2033 1874 2079 1922 se
2109 1873 2223 1922 sub-

1241 1941 1433 1999 jiciendi
1471 1954 1554 1988 aut
1590 1939 1798 1990 addendi
1834 1941 2075 2004 corpori,
2139 1941 2220 1986 cui

1244 2006 1381 2052 velit.
1443 2043 1447 2051 .

1308 2081 1360 2113 21
1399 2067 1562 2131 Corpus
1599 2083 1682 2113 non
1731 2070 1865 2121 item]
1932 2065 2062 2128 Qia
2116 2079 2221 2111 non

1245 2130 1340 2190 fuit
1358 2164 1371 2185 ,
1387 2128 1467 2177 sed
1485 2145 1599 2177 cum
1615 2126 1845 2178 societate
1866 2130 1987 2176 init'a
2021 2128 2227 2176 demum

1247 2192 1445 2243 exstitit.

1315 2272 1373 2302 22
1409 2258 1649 2317 Tanquam
1682 2259 1729 2300 in
1742 2253 1973 2317 subjcffo]
2039 2255 2225 2314 Adiun-

1251 2320 1385 2367 &tum
1417 2315 1692 2379 separabile.

1311 2395 1364 2431 23
1409 2382 1469 2426 Ut
1496 2377 1778 2438 dominium]
1813 2384 1868 2426 In
1897 2394 1947 2426 re
1977 2383 2180 2443 privata.

1319 2458 1378 2496 24
1436 2441 1640 2498 Subjeflo
1704 2441 1964 2504 adaquato]
2041 2446 2228 2507 Qales

1255 2501 1365 2551 sunt
1398 2516 1553 2567 partes
1580 2506 1630 2550 in
1667 2517 1779 2550 toto
1822 2501 2084 2566 effentiali,
2121 2521 2226 2570 quac

1254 2565 1302 2616 se
1337 2571 1546 2616 invicem
1621 2567 1851 2616 ervadunt
1875 2604 1891 2628 ‚
1939 2570 1987 2615 &
2022 2570 2136 2616 loco
2173 2586 2232 2617 ac:

1254 2629 1344 2678 fitu
1384 2646 1485 2679 non
1527 2582 1786 2692 differunt,
1834 2646 1889 2678 ut
1925 2633 2086 2680 anima
2127 2646 2233 2693 per-

1256 2707 1387 2741 meat
1423 2706 1590 2741 totum
1623 2709 1827 2758 corpus,
1874 2709 2039 2758 neque
2073 2694 2139 2742 est
2174 2696 2226 2742 in

1255 2759 1351 2805 alio
1379 2757 1492 2804 loco
1521 2770 1604 2803 aut
1646 2754 1836 2820 spatio,
1886 2773 2035 2821 quam
2068 2754 2230 2821 ipsum

1253 2821 1456 2883 corpus':
1492 2817 1626 2866 secus
1651 2835 1704 2866 ac
1732 2833 1893 2883 partes
1918 2823 2075 2868 totius
2104 2823 2234 2868 inte-

1286 2885 1408 2931 ralis.

1256 2899 1284 2947 g
1311 2963 1365 3000 ις
1408 2947 1511 3007 Qua
1537 2943 1696 3000 adjus
1724 2950 1924 3000 nature]
1959 2950 2047 2992 Per
2073 2960 2228 3009 quam

1286 3010 1357 3057 ost
1387 3008 1657 3056 introducta
1694 3007 1917 3054 dominia
1959 3010 2223 3055 communi

1286 3075 1511 3120 ominum
1565 3073 1666 3128 jure
1710 3071 1762 3115 in
1807 3083 1881 3117 res
1919 3071 2100 3117 alienas
2147 3073 2227 3120 uti

1251 3132 1515 3201 possumus.
1540 3150 1564 3180 a
1590 3168 1606 3193 ,
1642 3148 1685 3179 2.
1719 3142 1763 3178 6.

1312 3260 1415 3322 (cc)
1465 3265 1820 3321 Argumentum
1862 3256 1980 3304 istud
2010 3293 2027 3316 ,
2078 3270 2131 3304 ut
2177 3260 2225 3305 δε

1252 3322 1455 3390 sequens
1473 3324 1674 3382 ,nititur
1703 3320 1976 3371 rationibus
2011 3335 2111 3368 non
2134 3324 2226 3368 mi-

1252 3403 1343 3436 nus
1368 3385 1510 3446 falsis,
1530 3385 1675 3451 quarn
1700 3381 1971 3431 subtilibus:
1987 3396 2043 3431 ut
2059 3383 2220 3431 osten-

1252 3452 1413 3498 dimus
1480 3452 1530 3496 in
1587 3448 1732 3496 Notis
1787 3446 1960 3494 nostris
2007 3447 2233 3495 Galliciss,

1255 3514 1474 3562 Omnino
1503 3511 1660 3575 potest
1679 3510 1895 3569 Civitas,
1926 3506 2117 3556 summa
2146 3526 2230 3557 ne-

1255 3576 1459 3624 ceffitate
1488 3587 1685 3637 urgente
1703 3608 1719 3630 ,
1756 3586 1946 3636 partem
1978 3572 2192 3635 aliquam
2210 3609 2229 3632 9

1256 3655 1354 3687 non
1383 3637 1578 3699 quidem
1608 3639 1817 3684 alienare
1837 3672 1850 3695 ,
1901 3633 2004 3698 ipsfi
2047 3637 2234 3696 invitfi‚

1258 3701 1334 3750 sed
1370 3698 1576 3748 deserere
1604 3733 1617 3748 ,
1679 3702 1747 3747 ita
1790 3711 1957 3746 tamen
2012 3712 2067 3747 ut
2114 3699 2236 3747 sinat

1259 3781 1401 3825 eam,
1433 3763 1464 3810 si
1492 3756 1674 3825 possit,
1720 3760 1816 3810 suis
1860 3760 2006 3826 ipfius
2045 3762 2242 3809 viribu3‘

239 3834 312 3880 nis
339 3839 459 3876 erat:
496 3825 581 3874 sed*
607 3824 665 3872 ad
686 3826 755 3884 jus
783 3823 1013 3889 posterius
1030 3858 1048 3885 ‚
1071 3825 1206 3885 quod
1263 3824 1357 3877 sese
1380 3828 1503 3874 tueri
1528 3827 1576 3872 &
1599 3824 1875 3874 defendere.
1910 3830 2009 3873 Hac
2043 3828 2240 3874 ratione

241 3907 295 3943 ut
322 3891 554 3951 servetur,
582 3903 607 3934 a
641 3889 879 3953 praeterito
907 3901 1037 3936 nexu
1062 3883 1210 3934 libera
1263 3891 1444 3954 aequale
1480 3890 1550 3950 jus
1591 3888 1657 3937 est
1701 3890 1957 3953 utrimque
1987 3923 2005 3947 ‚
2053 3903 2108 3937 ut
2142 3884 2241 3935 effe

237 3956 374 4021 eligit
400 3953 554 4002 alium
581 3950 882 4018 dominum,
930 3963 1012 3998 aut
1045 3949 1207 4007 adjun-
1262 3953 1427 4003 debet.
1487 3951 1579 4001 Sed
1619 3952 1766 4000 fufius
1804 3953 1853 4001 id
1901 3964 2051 4000 omne
2091 3966 2246 4017 expo·

237 4020 307 4083 git
346 4016 390 4067 se
424 4018 502 4066 alii
530 4018 743 4080 corpori.
808 4013 944 4065 rdem
975 4016 1045 4074 jus
1074 4025 1207 4061 natu.
1235 4042 1238 4057 ε
1263 4017 1445 4066 suimus
1493 4016 1544 4065 in
1573 4016 1714 4067 dietis
1749 4015 1917 4067 Nom-n
1948 4012 2004 4076 J,
2031 4015 2093 4063 Β.

1238 4095 1241 4104 ⁴
1457 4084 1497 4127 V
1649 4089 1663 4108 ⁸
2064 4083 2247 4131 GR&
