3182 5113
628 944 662 975 a
687 927 828 993 Arist.

594 993 697 1041 fot.
715 1009 757 1042 1.
788 1008 827 1044 ‘c-

600 1069 675 1105 XI·

881 862 1039 938 quod
1075 877 1194 918 non
1228 861 1291 917 fit
1330 878 1428 933 per
1468 862 1639 922 solam
1677 870 2115 941 promiffionem.

955 941 1112 999 XVI.
1136 945 1198 995 76
1229 939 1576 1023 Monopolia
1605 956 1628 988 r
1657 959 1776 1002 non
1807 950 2045 1005 omniaa
2077 970 2204 1010 cum
2225 953 2346 1024 J‘ure
2369 969 2577 1015 naturae
2610 965 2882 1030 pugnant.

882 1034 1014 1075 nam
1050 1014 1272 1091 possunt
1303 1015 1583 1075 mterdum
1614 1037 1645 1076 a
1678 1020 1885 1081 summa
1906 1028 2184 1099 potestate
2207 1033 2456 1104 permitti
2483 1033 2621 1103 justa
2659 1033 2729 1088 de
2764 1049 2887 1089 cau-

885 1098 938 1155 sa
976 1093 1030 1151 &
1060 1090 1243 1176 pretio
1270 1090 1608 1176 constituto:
1651 1099 1806 1167 quus
1839 1102 1921 1158 rei
1954 1107 2277 1179 exemplum
2296 1113 2473 1167 -nobis
2511 1109 2716 1166 illustre
2754 1126 2887 1182 praeu

869 1177 969 1232 bet
1002 1168 1228 1246 Josephi
1265 1165 1490 1226 historia
1523 1169 1647 1248 (hh)
1692 1178 1898 1250 cunvis
1930 1181 2057 1238 vice
2104 1183 2254 1258 regia
2301 1189 2560 1262 AEgypto
2615 1185 2883 1261 praeesset.

873 1251 964 1309 Sic
1002 1247 1055 1303 &
1092 1245 1190 1301 sub
1219 1245 1495 1303 Romanis
1530 1244 1907 1310 Alexandrini
1950 1259 2267 1317 Indicarum
2322 1262 2376 1320 δι
2432 1263 2887 1338 AEthiopicarum

886 1323 1154 1384 mercium
1184 1321 1501 1392 habebant,
1554 1338 1575 1369 ⁵
1609 1338 1673 1382 ut
1703 1329 1906 1389 Strabo
1946 1334 2229 1408 loquitur,
2270 1340 2622 1401 μονοπωλωάα.
2698 1338 2889 1395 Potest

886 1400 944 1457 δι
974 1417 1006 1455 a
1037 1397 1270 1474 privatis
1303 1396 1543 1470 institui,
1584 1417 1642 1459 77
1668 1422 1831 1476 aequo
1871 1408 2146 1468 duntaxat
2184 1416 2549 1490 compendio
2630 1416 2711 1472 At
2743 1415 2882 1486 qui,

875 1487 944 1533 ut
980 1476 1036 1531 in
1061 1488 1118 1534 78
1153 1471 1403 1531 Velabro
1434 1475 1661 1547 olearii‚
1694 1491 1714 1525 t
1749 1479 1820 1537 de
1850 1491 2144 1559 compacto
2170 1489 2227 1545 id
2264 1505 2471 1565 agunt,
2513 1505 2578 1549 ut
2611 1510 2695 1549 res
2728 1491 2888 1562 supra

870 1552 1123 1629 ¹pretium
1147 1548 1204 1603 id
1242 1548 1401 1618 quod
1432 1550 1707 1613 summum
1753 1573 1903 1615 nunc
1949 1563 2025 1617 est
2061 1565 2118 1618 in
2167 1570 2454 1625 communi
2507 1569 2695 1642 pretio
2754 1582 2887 1622 ven-

882 1629 1121 1694 dantur,
1164 1635 1259 1710 aut
1292 1624 1390 1692 vi,
1433 1637 1528 1680 aut
1559 1626 1754 1684 fraude
1786 1631 2102 1707 impediunt
2133 1655 2205 1693 ne
2251 1645 2425 1712 major
2472 1647 2636 1717 copia
2682 1642 2888 1714 impor-

886 1715 1071 1771 tetur,
1116 1712 1212 1757 aut
1245 1699 1620 1788 ideo-merces
1660 1708 1933 1765 coemunt
1963 1725 2027 1767 ut
2069 1716 2315 1773 vendant
2344 1721 2531 1791 pretio
2559 1718 2711 1792 quod
2750 1730 2889 1774 tem-

882 1796 1028 1856 pore
1084 1775 1433 1833 venditionis
1485 1794 1737 1848 lmquum
1786 1784 1883 1850 fit,
1945 1787 2198 1856 injuriam
2243 1792 2490 1863 faciunt,
2549 1808 2721 1868 atque
2767 1811 2891 1851 eam

880 1870 1138 1931 reparare
1175 1863 1457 1909 tenentur.
1538 1855 1713 1931 Quod
1749 1859 1789 1914 fi
1830 1861 1940 1917 alio
1973 1864 2146 1920 modo
2178 1866 2490 1941 impediiint
2518 1871 2896 1929 investionem

886 1931 1187 1997 mercium,
1230 1938 1326 1985 aut
1368 1927 1500 1991 ideo
1533 1933 1804 1990 coemunt
1830 1979 1844 2003 ‚
1869 1947 1931 1993 ut
1962 1939 2132 2011 pluris
2171 1944 2452 2015 vendant,
2491 1948 2676 2021 pretio
2706 1958 2892 2003 tamen

886 2025 993 2085 pro
1031 2007 1304 2080 temporis
1350 2006 1568 2062 ratione
1620 2024 1741 2066 non
1787 2011 2021 2091 iniquo,
2080 2016 2296 2076 faciunt
2355 2017 2586 2096 quidem
2633 2021 2890 2080 adversus

2647 2099 2888 2162 caritatis

1173 2255 1580 2318 ‘Gnorxn

950 2399 974 2433 t
1007 2385 1113 2433 Non
1142 2384 1292 2429 omnia
1318 2399 1413 2429 cum
1442 2383 1552 2442 jure
1577 2396 1747 2436 naturae
1781 2401 1860 2452 pu-

2141 2265 2664 2325 Gnonovsx.

1979 2404 2033 2446 75
2072 2367 2291 2439 Fac'ultas
2314 2395 2535 2451 moralis]
2581 2400 2664 2461 Jus
2691 2411 2885 2463 compe-

884 2454 1060 2514 μακε]
1132 2449 1267 2494 Nota
1308 2446 1527 2494 Thaletis
1568 2446 1764 2496 historia
1801 2452 1861 2497 de
1914 2462 2034 2499 tens.
2072 2469 2127 2513 1,
2169 2472 2207 2503 1.
2234 2474 2282 2513 4.

887 2512 1114 2570 olivitate
1132 2544 1149 2570 ‚
1178 2514 1302 2573 [quae
1328 2502 1456 2557 varie
1490 2506 1516 2556 ὲ
1547 2513 1688 2559 variis
1716 2511 1854 2561 refer-

1973 2526 2032 2573 76
2064 2520 2359 2584 Monopolica]
2405 2521 2616 2582 Quoties
2646 2536 2766 2568 unus
2800 2520 2876 2567 vel

886 2586 982 2622 tur.
1048 2574 1168 2621 Vide
1195 2570 1338 2631 Arist.
1368 2573 1560 2621 Politic.
1589 2579 1632 2629 1,
1657 2577 1854 2623 11.Dio-
1911 2581 2045 2639 pauci
2071 2595 2129 2628 ex
2156 2583 2431 2646 composito
2465 2583 2522 2632 ad
2548 2582 2875 2645 sesetedigunt

881 2639 1353 2747 ἕιῖέςιῗὲἓὲἓεῖιέᾧὶ·
1373 2635 1855 2765 sssssffisssssg‘lyiss

880 2761 1158 2809 coemendo
1182 2796 1200 2822 ,
1258 2760 1384 2809 unde
1436 2763 1626 2811 lucrum
1669 2764 1852 2814 faceret

876 2823 1189 2872 Athenienfis'
1212 2826 1454 2887 populus,
1490 2825 1557 2873 est
1593 2827 1721 2891 apud
1749 2833 1855 2879 Ari-

862 2888 1066 2950 stotelem
1095 2887 1445 2936 oeconomicon
1480 2904 1553 2936 11.
1589 2889 1613 2950 (
1623 2906 1729 2957 pag.
1749 2906 1855 2947 510.

878 2955 942 2999 D.
991 2957 1046 3000 E.
1095 2950 1219 2999 Edit.
1259 2951 1409 3009 Paris?
1468 2958 1619 3000 Tom.
1660 2957 1753 3017 11.)
1796 2957 1856 3003 de

878 3015 1180 3076 monopolio
1237 3015 1571 3069 erinaceorum
1603 3050 1621 3075 ,
1675 3017 1853 3075 quibus

874 3079 1190 3139 expoliuntur
1242 3076 1390 3124 vestes
1413 3111 1429 3136 ‚
1489 3079 1602 3125 vide
1645 3078 1851 3123 Plinium

879 3152 980 3197 vm
1003 3156 1107 3198 ,37.
1140 3140 1200 3187 de
1229 3140 1527 3200 monopolio
1556 3135 1724 3199 serici,
1744 3139 1853 3187 Pro·

884 3205 1054 3267 :opium
1082 3203 1132 3247 in
1162 3200 1354 3246 historia
1374 3214 1552 3246 arcana.
1591 3201 1853 3267 (Cap.25.)

949 3280 971 3311 s
1002 3267 1067 3312 Ut
1093 3263 1249 3313 Strabo
1276 3263 1494 3324 loquitur]
1537 3262 1684 3310 Libro
1715 3277 1847 3313 xvn.

880 3326 959 3391 (p.
989 3328 1129 3386 798.)
1164 3325 1271 3373 vide
1303 3326 1348 3371 &
1380 3322 1674 3381 Caffiodorum
1717 3342 1851 3388 11‚4.

875 3392 928 3439 δι
955 3400 1029 3441 26.
1079 3389 1234 3444 [Istud
1256 3402 1462 3451 quoque
1485 3392 1764 3453 exemplum
1798 3391 1855 3437 de

880 3452 1210 3503 Alexandrinis
1227 3485 1240 3506 ‚
1259 3466 1358 3498 non
1390 3454 1630 3514 congruit.
1665 3451 1852 3517 Inspice

879 3517 1110 3568 Strabonis
1137 3517 1319 3562 locum.
1356 3513 1414 3572 J.
1439 3516 1519 3571 B.]

948 3593 968 3627 t
1002 3581 1075 3626 De
1100 3579 1318 3643 compaffo
1348 3577 1398 3622 id
1415 3581 1574 3640 agunt]
1604 3582 1703 3626 Lex
1722 3594 1853 3643 aequa

1907 2643 1977 2699 jus
2006 2645 2175 2690 mercis
2202 2647 2475 2693 vendundas.

1967 2722 2024 2762 77
2056 2709 2203 2771 AEquo
2235 2710 2479 2768 dantaxat]
2512 2712 2668 2754 Lucro
2700 2707 2873 2771 utique

1906 2767 2025 2824 justo
2074 2772 2121 2816 ὃ(
2161 2772 2435 2827 tolerabili,
2482 2783 2582 2817 non
2621 2767 2782 2816 nimio
2825 2769 2874 2817 &

1907 2832 2080 2896 iniquo
2112 2829 2444 2877 vendentibus.

1971 2907 2027 2949 78
2063 2893 2268 2949 Velabro]
2302 2898 2435 2940 Loco
2465 2892 2595 2941 urbis
2621 2897 2879 2953 Romanae,

1906 2957 1988 3003 ubi
2019 2955 2185 3001 oleum
2217 2968 2315 3001 etat
2342 2958 2532 3016 venale,
2560 2955 2874 3007 clandestino-

1903 3031 1999 3081 que
2026 3018 2149 3063 inter
2175 3016 2221 3063 se
2251 3018 2390 3077 pmsto
2432 3018 2752 3076 convenerant
2789 3036 2878 3069 ne-

1902 3079 2166 3141 gotiatores
2184 3114 2199 3138 ,
2231 3092 2284 3125 ut
2309 3094 2480 3127 omnes
2508 3081 2685 3138 eodem
2709 3087 2869 3146 pretio

1905 3141 2171 3188 venderent.
2208 3142 2369 3205 Flam.
2394 3145 2584 3208 Captiv.
2620 3161 2640 3199 3
2660 3179 2675 3206 ‚
2694 3161 2734 3193 1.
2751 3163 2829 3201 29.

1965 3261 2077 3327 (gg)
2111 3268 2256 3314 Ponit
2287 3267 2394 3316 heic
2435 3271 2645 3325 Auster,
2694 3274 2743 3322 in
2778 3273 2873 3323 una

1903 3329 2180 3375 venditione
2255 3330 2313 3377 ab
2385 3334 2531 3380 initio
2589 3334 2874 3390 dominium

1905 3393 2186 3439 ttanslatum
2222 3429 2237 3455 ,
2297 3396 2346 3441 in
2391 3395 2537 3449 alteri
2575 3413 2721 3455 non;
2781 3416 2870 3448 nec

1904 3454 2157 3502 discrimen
2187 3472 2335 3504 omne
2364 3462 2490 3519 petit
2515 3476 2572 3507 ex
2605 3462 2872 3515 traditione

1905 3519 1985 3564 uni
2017 3523 2274 3576 Emtomm
2317 3520 2469 3583 facta,
2521 3538 2574 3570 ut
2621 3540 2869 3589 perperam

1905 3581 2139 3628 intellexit
2188 3589 2218 3630 P
2239 3597 2267 3631 υ
2287 3597 2314 3632 12
2330 3599 2362 3632 E
2379 3599 2416 3633 N
2433 3599 2467 3642 n
2487 3598 2565 3633 OR
2583 3600 2693 3643 1?le
2713 3601 2736 3636 s
2755 3625 2769 3648 ,
2802 3585 2872 3635 di-¹

885 3639 935 3687 ἃ
963 3642 1169 3705 prudens
1199 3641 1265 3688 est
1289 3644 1344 3687 C.
1362 3639 1422 3689 de
1450 3644 1787 3704 monopoliis,
1807 3645 1852 3690 &
1879 3644 1981 3713 ,sto
2015 3646 2195 3707 capite,
2239 3647 2281 3707 5.
2316 3665 2359 3699 3.
2393 3655 2467 3696 De
2496 3664 2611 3696 vero
2639 3650 2769 3699 sensu
2789 3654 2870 3719 ,ὃς

888 3702 1026 3751 locus
1048 3702 1278 3752 notabilis
1309 3704 1432 3768 apud
1474 3704 1649 3765 Lystam
1676 3704 1850 3765 (Orat.
1901 3708 1960 3753 de
1986 3722 2036 3753 re
2066 3705 2193 3769 ipsa,
2226 3711 2438 3759 diximus
2468 3715 2516 3759 in
2548 3716 2678 3760 notis
2700 3713 2871 3763 nostris

889 3776 1005 3811 xxx.
1052 3772 1171 3829 Cap.
1217 3767 1287 3827 5.)

888 3826 1278 3888 venditores,qui
1308 3831 1518 3892 pretium
1544 3829 1670 3878 falfis
1685 3847 1850 3880 rumo-

885 3887 1019 3934 ribus
1044 3891 1373 3938 incendebant.
1408 3893 1543 3940 Adde
1557 3891 1852 3949 Caffiodorum
1904 3911 1957 3944 ut
1986 3896 2252 3947 observavit
2288 3902 2318 3952 P
2337 3914 2367 3949 U
2382 3913 2410 3951 F
2424 3913 2456 3948 Ε
2471 3911 2509 3963 15
2523 3910 2557 3946 D
2575 3909 2609 3950 Θ
2624 3913 2661 3966 β
2675 3914 2704 3950 F
2717 3915 2739 3951 1
2758 3915 2789 3956 υ
2803 3913 2826 3950 S

789 3966 791 3968 ’
884 3958 950 3997 lx
967 3984 983 4009 ,
1020 3968 1061 4004 ς.
1101 3953 1188 3997 ἃς.
1236 3955 1559 4027 quicumque,
1608 3972 1655 4030 2.
1713 3957 1852 4030 causa
2390 3958 2396 3971 “
2433 3958 2436 3962 ⁴

880 4025 979 4063 xlv
994 4045 1012 4071 ‚
1043 4014 1303 4083 quastione
1324 4028 1401 4065 lv.

1883 3961 2033 4021 ‘disto
2067 3962 2204 4026 loco.
2297 3965 2303 3973 '

1348 3767 1566 3815 adversus
1615 3767 1851 3817 frumenti
1903 3771 2099 3818 Gallicis
2130 3771 2337 3820 adhunc
2365 3777 2547 3823 locum.
2583 3776 2639 3832 J.
2667 3777 2727 3823 B.

1963 3833 2083 3895 (hh)
2128 3833 2259 3884 Male
2302 3838 2505 3899 quadrat
2555 3840 2867 3918 exemplumz

2700 4093 2866 4158 ,Gne-
