3182 5113
630 912 665 945 a
697 889 868 945 Annal·
889 892 1072 965 inquit
1111 892 1143 936 ὰ
1177 892 1430 950 Tacitus.

597 965 870 1068 &imis

526 1117 532 1120 —
596 1088 729 1136 orat.
761 1095 868 1146 pag.

601 1160 627 1198 3
637 1154 707 1200 36.
722 1150 775 1194 Β.

796 544 799 545 f
883 439 1036 526 282-
1565 423 1641 499 L
1687 425 1723 501 1
1767 426 1828 499 Β
1878 424 1944 499 Ε
1996 428 2073 503 R
2176 428 2287 504 ΙΙ.
2684 449 2917 527 §.xm

885 601 945 641 ⁶8
980 590 1183 647 duce-re
1208 582 1436 640 amitam
1474 589 1737 655 agnatam
1768 578 2010 636 vetitum
2045 576 2139 636 est.
2226 579 2311 639 At
2338 577 2374 629 1<
2407 587 2467 637 69
2512 582 2683 646 filiam
2710 589 2909 664 fratris,

886 669 983 741 qui
1010 680 1107 737 par
1148 660 1226 716 est
1263 658 1466 734 gradus
1513 702 1529 727 ,
1574 656 1783 714 ducere
1822 656 2068 714 vetitum
2096 672 2238 723 „non
2283 659 2361 717 est
2395 679 2408 717 :
2469 660 2590 719 imo
2638 665 2752 732 eJ‘us
2791 666 2914 723 saei

885 759 946 802 70
969 735 1114 812 apud
1144 738 1424 794 Hebraeos
1458 733 1678 793 exstant
1710 733 1993 807 exempla.
2074 733 2242 791 Nova
2273 736 2419 792 nohis
2459 740 2521 794 in
2554 732 2805 810 fratrum
2840 742 2912 822 fi-

888 820 984 869 lias
1011 814 1295 890 conjugia:
1334 825 1398 869 at
1428 814 1553 868 aliis
1571 808 1820 884 gentibus
1873 811 2102 866 olemnia
2127 851 2146 881 ‚
2189 830 2282 867 nec
2330 815 2439 888 lege
2470 815 2586 870 ulla
2606 815 2874 890 prohibita
2895 856 2914 886 ‚

1513 886 1764 946 Athenis
1798 887 1816 942 i
1888 886 2099 944 licuisse
2141 889 2386 948 ostendit
2424 890 2600 967 (mm)
2632 891 2828 961 IsaeUS,
2864 893 2915 950 &

888 968 1066 1043 Lyfiae
1124 968 1243 1024 vita
1303 966 1326 1013 b
1359 965 1714 1024 Plutarchus
1798 965 2111 1021 Rationem
2156 965 2420 1025 adferunt
2456 969 2686 1027 Hebraei
2729 1014 2742 1039 ‚
2789 971 2918 1042 quia

891 1045 994 1106 viri
1025 1047 1263 1115 jtivenes
1318 1043 1525 1100 affidue
1581 1042 1953 1114 frequentant
1992 1041 2197 1100 domos
2248 1062 2483 1102 avorum
2522 1043 2575 1101 6:
2629 1046 2913 1117 mnarum,

878 1132 989 1193 aut
1027 1122 1196 1179 etiam
1237 1122 1293 1176 in
1325 1120 1388 1176 iis
1435 1119 1696 1176 habitant
1733 1133 1787 1176 71
1821 1115 1980 1174 fimul
2020 1135 2150 1176 cum
2183 1121 2396 1180 amitis:
2443 1121 2510 1177 ad
2544 1120 2746 1179 domos
2777 1140 2915 1180 vero

888 1200 1125 1257 fratrum
1165 1197 1346 1253 minus
1392 1196 1658 1270 frequens
1715 1194 1845 1268 ipfis
1898 1195 1976 1252 est
2022 1194 2205 1253 aditus
2252 1242 2268 1268 ‚
2328 1215 2433 1255 nec
2470 1199 2547 1255 ibi
2579 1196 2916 1257 tantundem

883 1277 1102 1333 habent
1134 1273 1289 1342 juris.
1372 1275 1513 1353 Quae
1554 1273 1595 1328 si
1628 1271 1934 1343 recipimus
1957 1316 1971 1341 ,
2016 1283 2080 1327 ut
2113 1271 2239 1329 sane
2275 1273 2652 1333 rationi'sunt
2684 1274 2915 1332 consen·

883 1362 1083 1418 tanea,
1130 1349 1433 1406 fatebimur
1491 1350 1677 1422 legem
1717 1347 1787 1404 de
1834 1364 1952 1404 non
1999 1346 2274 1406 ducendis
2322 1350 2584 1408 affini-bus
2623 1352 2754 1410 recti
2796 1369 2913 1426 gra.-

880 1428 987 1503 dus
1011 1452 1041 1496 5
1073 1424 1127 1483 &
1164 1425 1486 1497 sororibu3‚
1531 1443 1604 1483 ex
1639 1441 1759 1499 quo
1797 1423 2158 1499 multiplicari
2196 1439 2450 1502 coeptum
2497 1426 2574 1485 est
2596 1431 2911 1494 humanum

2818 1519 2908 1577 ge..

1180 1711 1587 1760 GRO'rxr.

952 1835 988 1881 k
1035 1833 1211 1882 Filiam
1233 1836 1403 1895 fratris
1446 1831 1624 1887 ducere]
1698 1827 1873 1877 Talem

889 1898 1171 1946 Abrahamo
1200 1904 1363 1945 saram
1390 1892 1531 1944 fuisse
1545 1891 1760 1959 Jofiphus
1787 1905 1875 1955 pu-

889 1975 979 2010 tat.
1014 1962 1154 2021 (Ant.
1185 1958 1301 2017 Jud.
1329 1960 1438 2009 Lib.
1466 1973 1502 2007 1.
1524 1962 1651 2021 Cap.
1674 1970 1792 2004 x11.
1825 1951 1871 2012 Φ.

893 2041 936 2072 1.
973 2023 1098 2072 Edit.
1131 2023 1360 2088 Huffim.)
1408 2021 1541 2071 idem
1570 2019 1679 2086 post
1709 2019 1872 2066 datam

888 2089 1054 2153 legem
1080 2089 1307 2152 exempla
1335 2086 1481 2136 nobis
1525 2083 1608 2132 dat
1632 2085 1683 2131 in
1716 2088 1873 2131 Hero-

888 2151 983 2212 de,
1017 2151 1104 2217 qui
1150 2150 1311 2199 fratris
1352 2150 1509 2200 filiam
1544 2147 1780 2206 duxerat,
1826 2146 1875 2191 &

886 2212 1025 2263 suam
1061 2212 1217 2262 filiam
1241 2212 1376 2262 fratri
1412 2211 1630 2261 Pherorae
1667 2207 1874 2280 despon-

889 2279 1042 2327 derat.
1111 2278 1234 2325 Vide
1261 2291 1377 2326 eum
1419 2278 1629 2339 antiquae
1667 2272 1875 2322 histonae

890 2356 1009 2391 xlv.
1043 2343 1092 2389 δε
1122 2354 1245 2390 xvr.
1306 2340 1495 2389 Phineo
1537 2352 1713 2402 patruo
1760 2348 1874 2400 pro-

888 2402 1030 2454 miffa
1070 2404 1386 2453 Andromede
1415 2420 1432 2462 ;
1492 2402 1683 2450 Ovidius
1718 2405 1877 2450 Meta·

888 2483 1002 2517 mor
1037 2465 1225 2515 hoseon
1251 2480 1302 2516 v.
1340 2464 1457 2516 vers.
1481 2481 1575 2539 ,¹0·
1622 2465 1672 2514 id
1714 2461 1877 2534 poPtea

887 2537 1375 2645 {itudssimssssffist
1393 2542 1616 2644 ‘'151253?
1661 2522 1878 2658 {2332ss

891 2662 1162 2706 Heraclius.
1235 2664 1375 2713 [Non
1407 2673 1532 2706 unus
1559 2672 1691 2705 error
1715 2658 1764 2703 in
1791 2652 1877 2699 hac

2149 1707 2690 1760 GRONOVIx.

1986 1839 2043 1879 68
2078 1830 2253 1877 Ducere
2282 1837 2493 1890 amitam]
2536 1831 2665 1893 Quia
2691 1843 2825 1895 pater
2857 1831 2910 1879 δε

1922 1895 2072 1940 amita
2098 1894 2323 1942 videntur
2364 1911 2457 1943 una
2500 1892 2730 1957 persona,
2780 1892 2903 1941 infra

1925 1974 1985 2017 2,
2018 1971 2062 2013 7.
2094 1972 2138 2010 9.
2176 1958 2314 2021 quod
2341 1958 2424 2005 etfi
2453 1959 2501 2004 ὃς
2530 1956 2590 2004 de
2612 1954 2756 2005 fratre
2785 1956 2905 2004 filia-

1923 2033 2021 2085 que
2050 2021 2152 2076 eius
2186 2020 2281 2069 dici
2310 2021 2489 2085 potiit,
2523 2031 2689 2067 tamen
2734 2032 2906 2068 natura

1924 2098 2027 2131 non
2051 2095 2310 2147 tantopere
2345 2083 2573 2132 abhorret
2607 2079 2634 2129 ”a
2674 2084 2903 2147 conjugio

1923 2145 2189 2194 fratrum&
2215 2145 2459 2208 sotorum,
2475 2160 2624 2211 quam
2649 2160 2906 2211 parentum

1926 2211 1976 2257 &
2004 2209 2292 2260 liberorum.
2326 2214 2473 2268 Levit.
2513 2223 2588 2260 18·

1987 2283 2044 2327 69
2077 2273 2247 2327 Filiam
2271 2275 2478 2337 fratris]
2515 2274 2720 2322 Carolus
2747 2274 2904 2336 Styriae

1925 2335 2022 2384 dux
2053 2337 2338 2387 Ferdinandi
2365 2346 2405 2388 Ι.
2431 2336 2562 2387 filius
2597 2338 2806 2387 Mariam
2831 2335 2909 2385 so·-

1926 2413 2037 2447 rore
2076 2399 2157 2449 sua
2196 2406 2338 2450 Anna
2373 2404 2421 2449 &
2464 2400 2668 2450 Alberto
2723 2406 2904 2455 Bavaro

1923 2476 2091 2513 natam
2120 2479 2328 2513 uxorem
2340 2465 2526 2514 habuit.
2546 2461 2754 2513 Blandel.
2772 2463 2904 2513 Praef.

1927 2530 2076 2592 Apol.
2106 2531 2243 2590 XIV,
2280 2545 2325 2576 2.
2361 2530 2513 2589 latere
2541 2526 2719 2576 averso,

1992 2608 2052 2651 70
2085 2590 2224 2657 Apud
2244 2592 2476 2650 Hebraeos]
2507 2590 2749 2640 Nachoris
2779 2588 2893 2658 Mil-

1942 2670 2046 2702 cam
2084 2657 2253 2704 Aranis
2287 2655 2444 2705 fratris
2478 2654 2632 2703 filiam
2664 2654 2901 2700 ducentis.

892 2725 1048 2769 Nota.
1070 2726 1109 2767 Ι.
1144 2722 1342 2768 Fallitur
1382 2723 1591 2768 omnino
1634 2716 1876 2779 Josephu5‚
1930 2719 2086 2779 Genes.
2122 2734 2204 2776 11,
2240 2736 2315 2775 29.
2352 2718 2455 2768 Nifi
2480 2730 2642 2764 tamen
2667 2713 2788 2760 alius
2812 2712 2899 2760 iste

892 2785 1012 2832 dum
1038 2784 1144 2830 vult
1172 2785 1340 2832 Saram
1372 2780 1513 2832 fuiffe
1537 2783 1694 2832 filiam
1719 2781 1876 2830 fratris
1923 2788 2052 2830 Aran
2079 2781 2211 2843 fuit,
2244 2796 2299 2830 ut
2330 2783 2550 2832 videtur,
2585 2790 2739 2887 guum
2771 2776 2897 2833 'alter

891 2845 1159 2897 Abrahami.
1224 2847 1314 2894 Illa
1342 2859 1444 2895 etat
1471 2846 1607 2894 soror
1634 2848 1737 2903 ejus
1757 2844 1872 2905 ὁμο·
1921 2846 2082 2893 solum
2110 2847 2326 2892 Lothum
2352 2836 2563 2902 genuisse
2621 2840 2800 2893 icatur,
2829 2840 2897 2885 al-

892 2910 1115 2972 masaga&
1138 2941 1152 2962 ³
1204 2922 1260 2957 ut
1288 2907 1388 2972 ipse
1414 2911 1482 2957 ait
1510 2911 1626 2958 Gen.
1655 2923 1760 2965 xx,
1800 2922 1872 2968 12.
1922 2922 1994 2955 ter
2024 2906 2319 2953 describatur
2346 2914 2480 2967 pater
2500 2904 2658 2952 Milcae
2685 2903 2733 2948 &
2754 2899 2897 2965 Jiscae.

893 2974 980 3023 ubi
1004 2973 1102 3021 vid.
1132 2979 1256 3020 Intt.
1282 2977 1347 3019 ΙΙ.
1382 2979 1510 3036 Imp.
1551 2977 1741 3031 Nerva,
1788 2969 1871 3019 ubi
1921 2978 2030 3018 Sara
2071 2978 2239 3014 autem
2282 2966 2479 3014 Abrahae
2522 2963 2656 3012 soror
2698 2962 2898 3013 consan-

893 3039 1052 3085 vetuit
1089 3035 1338 3092 ιίἆὶλφιὼἰν
1381 3039 1585 3098 γαμεῖν,
1631 3035 1872 3083 referente
1919 3031 2094 3092 guinea
2124 3063 2141 3092 ,
2200 3044 2302 3077 non
2339 3030 2529 3077 uterina
2571 3028 2687 3077 fuit.
2735 3028 2897 3089 Genefi

892 3100 1168 3166 Xiphilino‚
1216 3116 1325 3165 pag.
1357 3116 1463 3156 241.
1500 3107 1560 3147 A.
1606 3098 1695 3146 Ed.
1724 3093 1870 3158 Steph.
1921 3109 2009 3162 20?
2050 3107 2121 3137 12.

877 3167 1245 3229 filiamfhroris,
1279 3178 1382 3210 non
1405 3165 1574 3223 fratris
1626 3158 1869 3220 intellige·
1977 3170 2030 3210 71
2070 3155 2218 3209 Simul
2242 3170 2336 3209 cum
2365 3159 2536 3213 amitis]
2563 3162 2624 3204 Et
2651 3154 2712 3203 fic
2738 3156 2893 3212 major

892 3229 991 3278 bat.
1061 3228 1183 3277 Vide
1217 3232 1418 3290 CUJAc.
1463 3222 1578 3273 Obs.
1604 3237 1723 3271 x111
1745 3255 1760 3277 ,
1791 3227 1862 3267 16.
1916 3218 2055 3265 datur
2091 3216 2278 3266 occasio
2331 3219 2481 3285 stupri
2517 3232 2599 3267 aut
2658 3218 2891 3282 improbae

889 3295 943 3341 ὅ(
972 3288 1160 3340 Clariff.
1194 3294 1416 3338 NooDT.
1466 3286 1677 3335 Observ:
1699 3300 1748 3331 11
1770 3318 1785 3347 ‚
1820 3296 1862 3334 5.
1911 3279 2306 3343 consuetudinis,
2338 3299 2363 3330 a
2395 3299 2491 3349 qua
2517 3284 2678 3331 minus
2704 3296 2894 3346 tempe-

886 3357 983 3407 Hic
1011 3355 1164 3402 etiam
1191 3353 1378 3402 ibidem
1416 3351 1655 3403 ostendit,
1701 3358 1864 3412 neque
1912 3345 2060 3392 raturi
2113 3359 2246 3394 erant
2272 3382 2290 3408 ,
2349 3350 2436 3411 qui
2474 3347 2608 3412 spem
2658 3344 2892 3393 haberent

885 3419 996 3482 post
1028 3417 1453 3475 Senatusconfhltum
1482 3412 1783 3464 Claudianum
1812 3411 1861 3455 in
1912 3407 2040 3468 iustis
2077 3407 2251 3458 deinde
2278 3413 2469 3476 nuptiis
2499 3412 2694 3475 culpam
2722 3423 2892 3463 emen-

883 3482 1150 3532 Provinciis
1182 3475 1365 3528 licuisse
1396 3478 1551 3527 filiam
1589 3476 1748 3524 fratris
1776 3473 1861 3521 du·
1912 3471 2009 3521 dari
2036 3468 2187 3535 posse.

886 3539 1437 3594 cere.'111.Permissum
1462 3543 1512 3597 id
1538 3540 1597 3590 ab
1625 3539 1860 3598 Heraclia,
1973 3535 2132 3596 (mm)
2166 3536 2303 3585 Nihil
2329 3539 2378 3586 in
2407 3540 2529 3587 hanc
2557 3552 2659 3585 rem
2697 3534 2885 3599 reperio

885 3609 1044 3657 nescio
1093 3608 1228 3663 cuius
1288 3605 1385 3654 fide
1436 3605 1612 3655 statuat
1660 3602 1860 3651 Audict.
1911 3599 2036 3661 apud
2066 3601 2226 3662 Isaeum.
2259 3607 2403 3649 Forte
2427 3602 2611 3650 Austor
2642 3602 2693 3647 in
2719 3599 2886 3645 animo

888 3673 996 3733 Ego
1024 3675 1211 3733 reperio
1241 3684 1466 3731 tantum,
1502 3677 1859 3735 Imperatorem
1910 3663 2083 3710 habuit
2116 3670 2269 3713 DEM
2289 3673 2884 3720 OSTHENEM,exquo

889 3733 1035 3780 illum
1061 3733 1243 3784 duxiffe
1280 3736 1574 3791 Martinam,
1624 3731 1780 3780 fratris
1808 3727 1859 3776 fi·
1912 3725 2070 3792 potest
2098 3727 2266 3792 colligi
2346 3731 2495 3777 talem
2532 3727 2727 3792 gradum
2764 3724 2885 3769 veti-

886 3795 1010 3843 liam
1022 3832 1040 3860 ,
1088 3811 1140 3844 ut
1169 3811 1356 3845 narrant
1393 3801 1639 3860 Zonaras,
1689 3794 1862 3846 Paulus
1910 3804 2021 3839 tum
2050 3806 2151 3838 non
2185 3790 2257 3838 fui
2295 3792 2340 3840 e.
2407 3792 2528 3841 Vide
2570 3794 2700 3837 Orat.
2727 3783 2885 3832 adver-

886 3858 1154 3922 AEiaconw,
1188 3863 1278 3912 διε.
1309 3860 1367 3923 J.
1395 3864 1475 3919 R]
1896 3858 1976 3915 sus
2001 3854 2209 3903 Leochar.
2241 3871 2348 3922 pag.
2369 3867 2473 3914 671.
2512 3859 2568 3900 G.
2604 3853 2652 3896 &
2683 3848 2814 3895 Orat.
2839 3853 2884 3894 in

1145 3925 1148 3930 ,
1403 3922 1429 3927 .,
1891 3923 2144 3985 §Neffdmr
2179 3934 2288 3986 pag.
2319 3937 2423 3980 517.
2462 3924 2521 3969 C.
2555 3912 2859 4030 5213.ssIm
