3182 5113
578 415 1893 522 PROLEGOMENA.
2138 428 2316 491 xxxx

291 591 403 658 tia,
443 573 757 656 jaetantiam
782 579 835 638 &
867 572 1382 636 diffimulationem3
1425 567 1479 624 &
1501 561 1835 641 quibusdam
1868 560 2036 617 rebus
2062 556 2197 614 vitii
2225 571 2331 612 no-

294 681 425 726 men
441 664 788 736 imponeret,
809 672 930 731 quae
956 662 1053 711 aut
1081 667 1199 708 non
1220 648 1461 706 existunt
1477 681 1498 712 ‚
1515 653 1613 698 aut
1636 640 1773 698 vitia
1807 655 1908 714 per
1938 636 1992 692 se
2016 652 2139 692 non
2167 633 2314 702 sunt,

293 754 358 803 ut
395 755 416 789 1
455 746 809 798 contemtum
838 729 1148 805 voluptatis
1180 723 1280 782 &2
1313 725 1629 788 honorum,
1652 717 1704 773 &
1736 731 1758 771 3
1797 717 1891 775 irae
1922 710 2186 770 adversus
2211 712 2320 768 ho-

291 832 472 967 ωιὲοῗῗ
497 824 1030 951 ἒὲιὶῑηῗεῗῖῗὲῑὲιυῑειη
1058 873 1441 943 universaliter
1462 874 1705 952 pofitum
1728 872 1843 929 hoc
1873 857 2307 926 fundamentum
2363 870 2526 918 Vfrtur

291 972 387 1031 vel
405 984 439 1025 4
473 985 546 1027 ex
566 966 773 1039 justitia
804 972 1065 1041 apparet,
1103 962 1196 1020 cui
1224 955 1545 1033 oppofitum
1573 951 1811 1011 nimium
1834 944 1887 1002 δί
1917 961 2150 1021 Pafum,
2178 959 2309 1075 emin
2330 937 2602 1046 2232„ngss

2280 1035 2312 1076 n

2328 1062 2394 1110 be't
2423 1066 2471 1112 in
2493 1080 2571 1113 ex-

295 1167 400 1204 non
427 1164 511 1216 per
560 1148 830 1198 modestam
874 1145 1078 1209 propriae
1115 1140 1274 1192 laudis
1330 1153 1409 1200 21,
1432 1153 1472 1194 ς.
1504 1151 1590 1185 non
1613 1144 1829 1183 contentus
1854 1130 1903 1175 in
1928 1123 2098 1193 publico
2125 1124 2451 1191 vagari,cff,

295 1214 723 1273 detrectationem,
736 1210 819 1259 sed
834 1222 920 1272 pet
944 1218 1136 1272 pravam
1155 1220 1273 1255 con·
1314 1204 1399 1262 fid
1421 1215 1602 1267 potare,
1641 1215 1719 1246 nec
1744 1194 1926 1257 conspici
1957 1194 2006 1236 in
2044 1191 2220 1253 popinis
2248 1188 2320 1233 lu-

296 1278 603 1330 suetudinem
629 1291 682 1324 ac
699 1275 1009 1337 voluptatem
1039 1267 1273 1318 illudendi
1324 1266 1645 1332 panaribusque
1661 1298 1677 1322 ,
1695 1258 1779 1320 fid
1805 1259 1905 1304 totis
1930 1252 2080 1302 diebus
2107 1248 2314 1313 defidere,

294 1359 351 1402 ac
377 1337 655 1389 frustrandi:
700 1337 832 1393 cujus
857 1334 1141 1397 exemplum
1168 1333 1273 1380 uni·

294 1419 410 1454 eum
426 1402 492 1451 est
508 1400 750 1460 TiberiuS,
764 1400 981 1463 quicum
994 1397 1274 1444 teterrimus

297 1465 413 1516 effer
433 1466 752 1515 dominorum
768 1496 785 1522 ‚
809 1460 1000 1512 dicebat
1017 1458 1065 1507 se
1082 1466 1126 1509 s.
1140 1464 1190 1506 P.
1209 1462 1277 1517 Q

296 1531 579 1590 R.se1vi1e,
616 1524 1026 1583 &Domitianus‚
1059 1536 1170 1569 cum
1196 1521 1271 1567 in·
1309 1564 1312 1566 .

294 1595 475 1643 noxios
505 1590 777 1645 occideret,
814 1586 997 1645 praefari
1015 1582 1187 1634 solitus
1211 1584 1271 1630 de

295 1655 575 1705 clementia.
623 1653 764 1701 Tales
804 1650 915 1700 sunt
949 1649 1144 1712 εἴρωνες,
1191 1645 1270 1692 de-

296 1721 458 1785 scripti
486 1714 797 1783 Theophrasto.
831 1713 974 1761 Tales
995 1715 1057 1762 de
1091 1707 1271 1777 quibus

294 1784 530 1831 Terentius
556 1783 609 1829 in
626 1785 896 1828 Heautont.
945 1781 1041 1827 Nec
1071 1789 1120 1823 tu
1143 1773 1274 1823 illum

284 1848 406 1907 satis
432 1860 644 1899 noveras,
676 1858 749 1889 nec
777 1854 817 1888 te
844 1840 951 1888 ille.-
997 1838 1154 1903 hacque
1182 1836 1275 1896 fit,

297 1910 372 1957 ubi
393 1926 477 1957 non
502 1925 603 1956 vere
629 1907 826 1953 vivitur.
887 1904 943 1950 Τ
934 1921 963 1950 a
1000 1905 1133 1952 illum
1159 1917 1270 1950 nun·

291 1968 696 2039 quamrostendisti,
728 1970 885 2032 quanti
907 1965 1124 2033 penderes.
1179 1967 1275 2012 Nec

295 2036 379 2084 tibi
404 2036 482 2083 ille
508 2033 567 2093 ψ
602 2031 767 2080 credere
795 2032 925 2090 nufias
959 2028 1070 2095 quod
1107 2042 1269 2090 aequum

293 2097 353 2157 est
386 2101 532 2163 patri.
589 2101 696 2144 Huc
741 2098 955 2157 pertinet
996 2091 1270 2148 histrionia,

294 2176 446 2224 quam
470 2173 607 2207 totum
633 2156 773 2207 orbem
796 2171 991 2206 exercere
1025 2155 1150 2203 dixit
1188 2153 1272 2201 Pe-

299 2238 487 2273 tromus.

362 2303 382 2333 1
421 2288 694 2334 Contentum
722 2280 1002 2346 voluptatis]
1035 2282 1190 2327 Num.
1228 2292 1270 2330 3·

291 2346 536 2398 Invidiosa
566 2344 756 2395 λιτόπς·
803 2360 905 2392 non
932 2343 1068 2388 enim
1103 2351 1271 2387 conte·

294 2424 460 2458 mtum
475 2408 786 2471 voluptatum
802 2443 818 2468 ‚
832 2402 911 2453 sed
941 2402 1093 2450 feram
1112 2403 1159 2449 ὅ(
1176 2400 1275 2455 bar-

293 2473 458 2521 baram
473 2472 824 2520 aversationem
851 2465 1039 2514 muficae
1065 2463 1275 2528 pulchri-

294 2536 510 2594 tudiniS,
544 2536 846 2598 aliarumque
879 2542 1043 2577 terum
1084 2527 1272 2589 elegan-

293 2602 426 2647 tium
457 2601 505 2645 δε
528 2597 870 2656 jucundarum,
917 2607 1038 2656 quas
1078 2590 1274 2637 modice

293 2659 548 2713 sumendas
577 2659 878 2724 comparavit
909 2659 1044 2702 Deus
1069 2656 1119 2700 in
1150 2651 1271 2699 sola-

293 2728 424 2773 tIum
453 2726 575 2773 vitae.
610 2730 675 2773 Ea
699 2727 748 2771 in
776 2722 883 2770 aliis
903 2717 969 2765 est
995 2717 1276 2764 immanitas

297 2785 542 2847 belluina,
599 2787 650 2834 in
679 2788 788 2835 aliis
818 2782 1055 2849 pecuinus
1092 2779 1273 2843 stupor.

293 2852 430 2900 Talis
461 2851 646 2899 Timon
676 2850 762 2897 ille
785 2847 883 2895 fuit
922 2843 1185 2892 comoediis
1209 2845 1275 2889 A·

294 2913 558 2977 ristophanis
605 2912 850 2961 tradustus
892 2921 1128 2971 tanquam
1165 2904 1277 2953 osor

293 2978 482 3039 generis
510 2975 730 3023 humani.
778 2981 838 3023 Et
868 2972 968 3032 ejus
993 2971 1279 3018 imitatione

292 3046 366 3088 M.
383 3041 629 3088 Antonius
658 3037 766 3102 post
792 3035 978 3084 bellum
1003 3033 1274 3081 Astiacum.

290 3103 438 3151 Tales
465 3116 669 3166 quoque
694 3101 829 3148 iratis
859 3099 966 3145 Diis
993 3097 1188 3160 genitos
1226 3096 1275 3141 ἃ

291 3166 621 3214 malevolente
671 3166 816 3229 genio
860 3174 1004 3209 natos
1050 3157 1276 3207 dicebant

292 3240 508 3287 vetera,
557 3230 648 3292 qui
684 3228 810 3275 nihil
837 3223 1086 3286 indulgere
1128 3223 1274 3285 genio

293 3286 511 3353 poffent,
547 3290 737 3339 etiamsi
760 3291 957 3344 liceret,
996 3286 1043 3333 ὅ(
1080 3286 1276 3348 copiam

293 3351 545 3416 haberent.
604 3378 607 3404 z

359 3431 385 3462 2
422 3416 687 3462 Contemtum
719 3412 959 3468 honorum]
1030 3413 1186 3457 Num.
1224 3428 1273 3466 4.

288 3479 462 3527 {Immo
515 3489 827 3526 contemtum
871 3473 942 3522 sui
970 3524 975 3525 ⁷
1006 3474 1175 3536 potius
1225 3474 1274 3519 ὅ(

295 3540 501 3588 somam
531 3576 548 3602 ‚
598 3554 651 3588 ut
688 3538 914 3586 dicebant
949 3538 1101 3589 ,Graeci
1130 3571 1146 3597 ,
1193 3549 1277 3600 per

297 3620 447 3669 quam
467 3609 579 3667 quis
606 3603 797 3651 honore
817 3599 865 3648 se
881 3599 1137 3663 indignum
1163 3613 1277 3664 prae-

294 3670 397 3718 stat.
432 3670 550 3714 Non
579 3669 716 3715 enim
744 3666 929 3713 malum
962 3676 1283 3712 contemnere

295 3733 538 3790 honores,
587 3730 667 3779 sed
710 3730 781 3777 ita
825 3738 1141 3775 contemnere
1167 3761 1183 3787 ,
1228 3738 1285 3773 ut

294 3792 580 3844 inhonestus
607 3791 723 3853 fias‚
760 3791 999 3856 pudorem
1032 3790 1080 3835 δε
1100 3788 1283 3837 famam

295 3858 559 3907 hominum
587 3855 732 3904 nihili
763 3855 939 3916 facias,
988 3853 1041 3900 in
1070 3851 1284 3900 sordidis-

297 3919 476 3969 fimum
525 3920 636 3967 vitae
687 3933 840 3984 genus
879 3913 1133 3966 descendas
1176 3930 1288 3962 cum

297 3981 536 4049 Dionysio
584 3980 876 4048 Syracusano
928 3978 1056 4044 apud
1113 3977 1288 4045 Justin.

1327 1347 1423 1377 cum
1446 1322 1723 1391 perditifflmo
1752 1336 1912 1386 quoque
1941 1316 1994 1363 de
2019 1318 2216 1362 minimis
2243 1328 2315 1360 re-

1326 1396 1402 1442 bus
1428 1392 1699 1457 discepxare,
1738 1385 1955 1453 panncffus
1987 1376 2045 1430 CO*
2070 1375 2314 1444 squalidus

1329 1458 1534 1506 incedere.

1396 1537 1417 1575 3
1457 1520 1746 1569 Vae-uitatem
1771 1515 1877 1567 ira]
1940 1513 2158 1563 Num.5.
2194 1508 2317 1556 Non

1330 1599 1437 1649 quae
1466 1584 1619 1630 oritur
1645 1593 1708 1627 ex
1733 1573 2113 1626 mansuetudine
2129 1570 2324 1617 acleni-

1329 1660 1432 1694 tate
1453 1647 1639 1704 animi,
1654 1641 1735 1690 sed
1759 1642 1979 1704 stupore,
2001 1632 2326 1690 lentitudine,

1332 1709 1700 1769 ostenditurque
1757 1702 1945 1769 stupida
1990 1696 2205 1762 quadam
2265 1713 2324 1744 o-

1332 1773 1523 1820 mnium
1548 1766 2022 1831 indigniffimorum‚
2037 1775 2143 1825 quae
2163 1774 2322 1807 nemo

1334 1835 1489 1883 bonus
1531 1835 1743 1881 tolerare
1782 1829 1936 1879 debet
1963 1861 1981 1888 ,
2028 1825 2323 1872 tolerantia:

1328 1899 1522 1963 qualem
1559 1899 1610 1944 in
1637 1892 1852 1959 parafitis
1892 1893 1942 1938 &
1982 1888 2154 1937 mimis
2189 1920 2207 1946 ‚
2256 1901 2320 1934 os

1326 1960 1635 2010 contumeliae
1649 1958 1857 2023 praebete
1880 1952 2029 2002 suetis
2039 1981 2060 2011 ‚
2073 1948 2314 1998 exhibent

1328 2025 1492 2073 scenae.

1387 2106 1420 2144 4
1454 2089 1534 2135 Ex
1548 2084 1853 2145 justitia‚cui
1868 2077 2101 2143 oppositum
2121 2077 2312 2122 nimium

1324 2150 1380 2197 Eo*
1409 2162 1573 2215 parum
1594 2154 1644 2195 in
1674 2146 1819 2203 rebus]
1851 2147 2007 2191 Num.
2027 2149 2072 2187 6·
2100 2138 2311 2188 Medium

1325 2212 1503 2274 duplex
1530 2210 1622 2256 est:
1669 2213 1764 2262 rei,
1812 2207 1908 2252 five
1948 2201 2311 2262 arithmeticum,

1324 2273 1460 2342 quod
1486 2274 1740 2333 utrimque
1769 2265 2067 2315 tantundem
2093 2264 2234 2312 distat
2252 2265 2314 2312 ab

1327 2336 1598 2393 extremis,
1632 2333 1753 2379 ficut
1794 2341 2020 2377 centrum
2056 2328 2311 2391 aequaliter

1329 2414 1390 2446 ex
1417 2396 1651 2444 omnibus
1690 2392 1907 2457 partibus
1948 2390 2244 2448 disjunebam
2282 2403 2314 2436 a

1329 2456 1749 2508 circumferentia:
1767 2456 1817 2502 δε
1843 2454 2034 2501 rationis
2059 2486 2071 2506 ‚
2101 2452 2197 2501 five
2221 2468 2321 2514 geo·-

1329 2527 1583 2582 metricum,
1619 2518 1758 2583 quod
1810 2517 1952 2566 alteri
1982 2527 2327 2564 extremorum

1330 2585 1579 2635 interdum
1607 2584 1673 2630 est
1702 2583 1910 2629 vicinius
1929 2612 1945 2635 ,
1979 2579 2041 2626 ab
2064 2580 2224 2626 altero
2251 2592 2326 2625 te·

1332 2650 1550 2708 motiuS‚
1587 2647 1638 2693 &
1661 2657 1827 2691 tamen
1871 2640 2095 2688 medium
2124 2644 2323 2689 ratione

1332 2712 1560 2776 ponderis
1579 2743 1597 2768 ‚
1632 2709 1764 2767 loci,
1799 2706 2042 2769 temporis
2060 2702 2325 2767 ‚personae.

1331 2776 1460 2825 Illud
1476 2771 1670 2838 paribus
1687 2770 1906 2818 numeris
1925 2768 2158 2831 utrinque
2172 2766 2325 2826 abest-3

1330 2853 1386 2888 ut
1426 2836 1765 2903 quaternarius
1802 2836 1929 2881 inter
1982 2831 2083 2878 duo
2117 2831 2166 2876 &
2207 2830 2317 2878 sex:

1332 2916 1514 2951 novem
1540 2901 1668 2947 inter
1691 2895 1771 2945 sex
1800 2899 1850 2944 &t
1879 2895 2173 2942 duodecim:
2219 2893 2320 2941 hoc

1334 2982 1435 3015 non
1450 2962 1656 3029 quidem
1685 2960 1924 3019 numeris,
1940 2958 2023 3005 sed
2053 2970 2219 3005 tamen
2235 2969 2320 3017 pa-

1332 3029 1463 3077 tibus
1523 3019 1825 3089 ponderibus
1884 3022 2091 3083 patique
2123 3019 2322 3065 ratione

1333 3092 1530 3139 alterius
1558 3085 1771 3136 extremi
1802 3083 1858 3130 ad
1889 3084 2147 3137 medium,
2182 3083 2325 3129 &vi-

1331 3153 1484 3203 ciffim
1509 3150 1664 3200 medii
1693 3146 1751 3195 ad
1783 3148 1993 3195 alterum
2034 3157 2320 3194 extremum

1331 3220 1583 3280 utrimque
1607 3211 1765 3271 distat,
1783 3211 1831 3258 &
1847 3209 2073 3258 medium
2096 3207 2321 3255 habetur:

1334 3295 1389 3330 ut
1406 3275 1830 3347 quemadmodum
1847 3273 1895 3321 se
1922 3271 2107 3320 habent
2136 3283 2232 3318 tres
2263 3271 2324 3318 ad

1318 3344 1410 3392 'sex
1431 3379 1445 3401 ,
1481 3345 1548 3391 ita
1573 3339 1652 3390 sex
1683 3339 1740 3386 ad
1759 3338 2057 3387 duodecim:
2089 3349 2204 3380 nam
2238 3334 2324 3380 illa

1335 3409 1515 3454 horum
1544 3403 1808 3453 dimidium
1839 3400 1964 3449 sunt.
2014 3403 2245 3460 Qatuor
2271 3397 2324 3442 δεῖ

1328 3487 1354 3518 a
1383 3468 1577 3519 duobus
1610 3469 1656 3514 &
1677 3481 1703 3512 a
1733 3465 1812 3512 sex
1835 3463 2007 3510 distant
2036 3460 2225 3507 binario
2244 3475 2254 3506 τ
2273 3472 2324 3507 at

1331 3548 1433 3582 non
1464 3531 1542 3581 sex
1575 3543 1629 3579 ut
1657 3543 1683 3575 a
1711 3527 1865 3574 tribus
1896 3525 2140 3579 ternario²
2160 3523 2231 3570 ita
2246 3535 2321 3585 εἰς

1333 3600 1431 3646 iam
1461 3613 1485 3643 a
1514 3590 1778 3641 duodecim
1804 3588 2009 3646 distant,
2044 3584 2142 3634 haec
2171 3587 2324 3634 estdi-

1332 3659 1452 3710 vifio
1483 3673 1585 3705 non
1616 3654 1808 3719 generis
1828 3655 1878 3701 in
1893 3649 2079 3717 species
2097 3682 2112 3705 ,
2129 3647 2208 3698 sed
2231 3649 2323 3697 ho-

1334 3722 1557 3783 monymi
1585 3722 1638 3768 in
1664 3716 1944 3781 fignificata.
2015 3713 2148 3778 Qud
2173 3715 2323 3777 igitur

1335 3786 1551 3851 peccavit
1572 3781 1837 3841 Aristoteles
1849 3815 1866 3841 ,
1884 3778 1917 3826 fi
1941 3778 2066 3826 dixit
2088 3780 2326 3826 virtutem

1337 3863 1540 3899 omnem
1566 3844 1824 3894 consistere
1849 3846 1899 3891 in
1929 3842 2124 3891 medio:
2160 3839 2239 3889 sed
2271 3843 2326 3889 in

1339 3916 1519 3963 caeteris
1548 3907 1814 3959 virtutibus
1845 3904 1939 3954 effe
1965 3905 2157 3953 medium
2186 3908 2329 3953 ratio·

1341 3977 1514 4029 nisfive
1541 3973 1922 4041 geometricum:
1940 3971 1992 4021 in
2020 3968 2200 4032 justitia
2226 3982 2333 4032 par-

2227 4046 2324 4081 nm
